%YAML 1.1
%TAG !u! tag:unity3d.com,2011:
--- !u!1001 &100100000
Prefab:
  m_ObjectHideFlags: 1
  serializedVersion: 2
  m_Modification:
    m_TransformParent: {fileID: 0}
    m_Modifications: []
    m_RemovedComponents: []
  m_SourcePrefab: {fileID: 0}
  m_RootGameObject: {fileID: 1255369117135152}
  m_IsPrefabAsset: 1
--- !u!1 &1003868825697638
GameObject:
  m_ObjectHideFlags: 1
  m_CorrespondingSourceObject: {fileID: 0}
  m_PrefabInternal: {fileID: 100100000}
  serializedVersion: 6
  m_Component:
  - component: {fileID: 4954212048631780}
  - component: {fileID: 114032144796024010}
  m_Layer: 0
  m_Name: L_ring_meta
  m_TagString: Untagged
  m_Icon: {fileID: 0}
  m_NavMeshLayer: 0
  m_StaticEditorFlags: 0
  m_IsActive: 1
--- !u!1 &1012340609914816
GameObject:
  m_ObjectHideFlags: 0
  m_CorrespondingSourceObject: {fileID: 0}
  m_PrefabInternal: {fileID: 100100000}
  serializedVersion: 6
  m_Component:
  - component: {fileID: 4281233369558874}
  - component: {fileID: 114621643944031624}
  m_Layer: 0
  m_Name: Interaction Manager
  m_TagString: Untagged
  m_Icon: {fileID: 0}
  m_NavMeshLayer: 0
  m_StaticEditorFlags: 0
  m_IsActive: 1
--- !u!1 &1027898888536178
GameObject:
  m_ObjectHideFlags: 1
  m_CorrespondingSourceObject: {fileID: 0}
  m_PrefabInternal: {fileID: 100100000}
  serializedVersion: 6
  m_Component:
  - component: {fileID: 4361213304306174}
  m_Layer: 0
  m_Name: L_ring_a
  m_TagString: Untagged
  m_Icon: {fileID: 0}
  m_NavMeshLayer: 0
  m_StaticEditorFlags: 0
  m_IsActive: 1
--- !u!1 &1030577016337634
GameObject:
  m_ObjectHideFlags: 1
  m_CorrespondingSourceObject: {fileID: 0}
  m_PrefabInternal: {fileID: 100100000}
  serializedVersion: 6
  m_Component:
  - component: {fileID: 4833815011450340}
  - component: {fileID: 114560491043133128}
  m_Layer: 0
  m_Name: Interaction Hand (Left)
  m_TagString: Untagged
  m_Icon: {fileID: 0}
  m_NavMeshLayer: 0
  m_StaticEditorFlags: 0
  m_IsActive: 1
--- !u!1 &1042146039614272
GameObject:
  m_ObjectHideFlags: 1
  m_CorrespondingSourceObject: {fileID: 0}
  m_PrefabInternal: {fileID: 100100000}
  serializedVersion: 6
  m_Component:
  - component: {fileID: 4672606805793742}
  - component: {fileID: 114392311882481916}
  m_Layer: 0
  m_Name: R_pinky_meta
  m_TagString: Untagged
  m_Icon: {fileID: 0}
  m_NavMeshLayer: 0
  m_StaticEditorFlags: 0
  m_IsActive: 1
--- !u!1 &1049366644945818
GameObject:
  m_ObjectHideFlags: 1
  m_CorrespondingSourceObject: {fileID: 0}
  m_PrefabInternal: {fileID: 100100000}
  serializedVersion: 6
  m_Component:
  - component: {fileID: 4106720817320630}
  m_Layer: 0
  m_Name: R_Wrist
  m_TagString: Untagged
  m_Icon: {fileID: 0}
  m_NavMeshLayer: 0
  m_StaticEditorFlags: 0
  m_IsActive: 1
--- !u!1 &1049373255317766
GameObject:
  m_ObjectHideFlags: 1
  m_CorrespondingSourceObject: {fileID: 0}
  m_PrefabInternal: {fileID: 100100000}
  serializedVersion: 6
  m_Component:
  - component: {fileID: 4224747902506786}
  - component: {fileID: 114868657780836206}
  m_Layer: 0
  m_Name: L_index_meta
  m_TagString: Untagged
  m_Icon: {fileID: 0}
  m_NavMeshLayer: 0
  m_StaticEditorFlags: 0
  m_IsActive: 1
--- !u!1 &1085979198380808
GameObject:
  m_ObjectHideFlags: 1
  m_CorrespondingSourceObject: {fileID: 0}
  m_PrefabInternal: {fileID: 100100000}
  serializedVersion: 6
  m_Component:
  - component: {fileID: 4341544066531130}
  - component: {fileID: 137470889636103066}
  m_Layer: 0
  m_Name: LoPoly_Hand_Mesh_Right
  m_TagString: Untagged
  m_Icon: {fileID: 0}
  m_NavMeshLayer: 0
  m_StaticEditorFlags: 0
  m_IsActive: 1
--- !u!1 &1124116619357418
GameObject:
  m_ObjectHideFlags: 1
  m_CorrespondingSourceObject: {fileID: 0}
  m_PrefabInternal: {fileID: 100100000}
  serializedVersion: 6
  m_Component:
  - component: {fileID: 4175509767283446}
  m_Layer: 0
  m_Name: L_index_a
  m_TagString: Untagged
  m_Icon: {fileID: 0}
  m_NavMeshLayer: 0
  m_StaticEditorFlags: 0
  m_IsActive: 1
--- !u!1 &1143716455204198
GameObject:
  m_ObjectHideFlags: 1
  m_CorrespondingSourceObject: {fileID: 0}
  m_PrefabInternal: {fileID: 100100000}
  serializedVersion: 6
  m_Component:
  - component: {fileID: 4478929117101364}
  - component: {fileID: 114078401815946874}
  m_Layer: 0
  m_Name: L_thumb_meta
  m_TagString: Untagged
  m_Icon: {fileID: 0}
  m_NavMeshLayer: 0
  m_StaticEditorFlags: 0
  m_IsActive: 1
--- !u!1 &1178197190574132
GameObject:
  m_ObjectHideFlags: 1
  m_CorrespondingSourceObject: {fileID: 0}
  m_PrefabInternal: {fileID: 100100000}
  serializedVersion: 6
  m_Component:
  - component: {fileID: 4430001208194086}
  m_Layer: 0
  m_Name: R_index_a
  m_TagString: Untagged
  m_Icon: {fileID: 0}
  m_NavMeshLayer: 0
  m_StaticEditorFlags: 0
  m_IsActive: 1
--- !u!1 &1197099707435690
GameObject:
  m_ObjectHideFlags: 1
  m_CorrespondingSourceObject: {fileID: 0}
  m_PrefabInternal: {fileID: 100100000}
  serializedVersion: 6
  m_Component:
  - component: {fileID: 4552198274912278}
  m_Layer: 0
  m_Name: R_middle_end
  m_TagString: Untagged
  m_Icon: {fileID: 0}
  m_NavMeshLayer: 0
  m_StaticEditorFlags: 0
  m_IsActive: 1
--- !u!1 &1206285212385388
GameObject:
  m_ObjectHideFlags: 1
  m_CorrespondingSourceObject: {fileID: 0}
  m_PrefabInternal: {fileID: 100100000}
  serializedVersion: 6
  m_Component:
  - component: {fileID: 4459771535948134}
  m_Layer: 0
  m_Name: L_middle_b
  m_TagString: Untagged
  m_Icon: {fileID: 0}
  m_NavMeshLayer: 0
  m_StaticEditorFlags: 0
  m_IsActive: 1
--- !u!1 &1218944569973182
GameObject:
  m_ObjectHideFlags: 1
  m_CorrespondingSourceObject: {fileID: 0}
  m_PrefabInternal: {fileID: 100100000}
  serializedVersion: 6
  m_Component:
  - component: {fileID: 4504936299513372}
  m_Layer: 0
  m_Name: R_index_b
  m_TagString: Untagged
  m_Icon: {fileID: 0}
  m_NavMeshLayer: 0
  m_StaticEditorFlags: 0
  m_IsActive: 1
--- !u!1 &1229129176536720
GameObject:
  m_ObjectHideFlags: 1
  m_CorrespondingSourceObject: {fileID: 0}
  m_PrefabInternal: {fileID: 100100000}
  serializedVersion: 6
  m_Component:
  - component: {fileID: 4583850078235816}
  m_Layer: 0
  m_Name: R_Palm
  m_TagString: Untagged
  m_Icon: {fileID: 0}
  m_NavMeshLayer: 0
  m_StaticEditorFlags: 0
  m_IsActive: 1
--- !u!1 &1232304955334406
GameObject:
  m_ObjectHideFlags: 1
  m_CorrespondingSourceObject: {fileID: 0}
  m_PrefabInternal: {fileID: 100100000}
  serializedVersion: 6
  m_Component:
  - component: {fileID: 4468776787700956}
  m_Layer: 0
  m_Name: L_index_end
  m_TagString: Untagged
  m_Icon: {fileID: 0}
  m_NavMeshLayer: 0
  m_StaticEditorFlags: 0
  m_IsActive: 1
--- !u!1 &1235768028072322
GameObject:
  m_ObjectHideFlags: 1
  m_CorrespondingSourceObject: {fileID: 0}
  m_PrefabInternal: {fileID: 100100000}
  serializedVersion: 6
  m_Component:
  - component: {fileID: 4403758647992850}
  m_Layer: 0
  m_Name: R_index_end
  m_TagString: Untagged
  m_Icon: {fileID: 0}
  m_NavMeshLayer: 0
  m_StaticEditorFlags: 0
  m_IsActive: 1
--- !u!1 &1239961653467228
GameObject:
  m_ObjectHideFlags: 1
  m_CorrespondingSourceObject: {fileID: 0}
  m_PrefabInternal: {fileID: 100100000}
  serializedVersion: 6
  m_Component:
  - component: {fileID: 4116444230616702}
  m_Layer: 0
  m_Name: L_pinky_b
  m_TagString: Untagged
  m_Icon: {fileID: 0}
  m_NavMeshLayer: 0
  m_StaticEditorFlags: 0
  m_IsActive: 1
--- !u!1 &1255369117135152
GameObject:
  m_ObjectHideFlags: 0
  m_CorrespondingSourceObject: {fileID: 0}
  m_PrefabInternal: {fileID: 100100000}
  serializedVersion: 6
  m_Component:
  - component: {fileID: 4519093488025556}
  m_Layer: 0
  m_Name: LeapManager
  m_TagString: Untagged
  m_Icon: {fileID: 0}
  m_NavMeshLayer: 0
  m_StaticEditorFlags: 0
  m_IsActive: 1
--- !u!1 &1263786319424336
GameObject:
  m_ObjectHideFlags: 0
  m_CorrespondingSourceObject: {fileID: 0}
  m_PrefabInternal: {fileID: 100100000}
  serializedVersion: 6
  m_Component:
  - component: {fileID: 4524960363561034}
  - component: {fileID: 114866134540080674}
  m_Layer: 0
  m_Name: Hand Models
  m_TagString: Untagged
  m_Icon: {fileID: 0}
  m_NavMeshLayer: 0
  m_StaticEditorFlags: 0
  m_IsActive: 1
--- !u!1 &1286893454942078
GameObject:
  m_ObjectHideFlags: 1
  m_CorrespondingSourceObject: {fileID: 0}
  m_PrefabInternal: {fileID: 100100000}
  serializedVersion: 6
  m_Component:
  - component: {fileID: 4872364095943944}
  - component: {fileID: 137104580726945582}
  m_Layer: 0
  m_Name: LoPoly_Hand_Mesh_Left
  m_TagString: Untagged
  m_Icon: {fileID: 0}
  m_NavMeshLayer: 0
  m_StaticEditorFlags: 0
  m_IsActive: 1
--- !u!1 &1334799390934896
GameObject:
  m_ObjectHideFlags: 1
  m_CorrespondingSourceObject: {fileID: 0}
  m_PrefabInternal: {fileID: 100100000}
  serializedVersion: 6
  m_Component:
  - component: {fileID: 4795500641306270}
  m_Layer: 0
  m_Name: R_middle_a
  m_TagString: Untagged
  m_Icon: {fileID: 0}
  m_NavMeshLayer: 0
  m_StaticEditorFlags: 0
  m_IsActive: 1
--- !u!1 &1366829842035748
GameObject:
  m_ObjectHideFlags: 1
  m_CorrespondingSourceObject: {fileID: 0}
  m_PrefabInternal: {fileID: 100100000}
  serializedVersion: 6
  m_Component:
  - component: {fileID: 4027385609407484}
  m_Layer: 0
  m_Name: L_middle_a
  m_TagString: Untagged
  m_Icon: {fileID: 0}
  m_NavMeshLayer: 0
  m_StaticEditorFlags: 0
  m_IsActive: 1
--- !u!1 &1383229166838494
GameObject:
  m_ObjectHideFlags: 1
  m_CorrespondingSourceObject: {fileID: 0}
  m_PrefabInternal: {fileID: 100100000}
  serializedVersion: 6
  m_Component:
  - component: {fileID: 4749450639368102}
  m_Layer: 0
  m_Name: R_middle_b
  m_TagString: Untagged
  m_Icon: {fileID: 0}
  m_NavMeshLayer: 0
  m_StaticEditorFlags: 0
  m_IsActive: 1
--- !u!1 &1392290113659678
GameObject:
  m_ObjectHideFlags: 1
  m_CorrespondingSourceObject: {fileID: 0}
  m_PrefabInternal: {fileID: 100100000}
  serializedVersion: 6
  m_Component:
  - component: {fileID: 4829346364255254}
  m_Layer: 0
  m_Name: L_pinky_c
  m_TagString: Untagged
  m_Icon: {fileID: 0}
  m_NavMeshLayer: 0
  m_StaticEditorFlags: 0
  m_IsActive: 1
--- !u!1 &1393238593368698
GameObject:
  m_ObjectHideFlags: 1
  m_CorrespondingSourceObject: {fileID: 0}
  m_PrefabInternal: {fileID: 100100000}
  serializedVersion: 6
  m_Component:
  - component: {fileID: 4337732799689660}
  m_Layer: 0
  m_Name: R_pinky_b
  m_TagString: Untagged
  m_Icon: {fileID: 0}
  m_NavMeshLayer: 0
  m_StaticEditorFlags: 0
  m_IsActive: 1
--- !u!1 &1396424012925102
GameObject:
  m_ObjectHideFlags: 1
  m_CorrespondingSourceObject: {fileID: 0}
  m_PrefabInternal: {fileID: 100100000}
  serializedVersion: 6
  m_Component:
  - component: {fileID: 4521945194571038}
  - component: {fileID: 114062383899045876}
  m_Layer: 0
  m_Name: R_thumb_meta
  m_TagString: Untagged
  m_Icon: {fileID: 0}
  m_NavMeshLayer: 0
  m_StaticEditorFlags: 0
  m_IsActive: 1
--- !u!1 &1405296660897370
GameObject:
  m_ObjectHideFlags: 1
  m_CorrespondingSourceObject: {fileID: 0}
  m_PrefabInternal: {fileID: 100100000}
  serializedVersion: 6
  m_Component:
  - component: {fileID: 4922718403915528}
  - component: {fileID: 114461427236168220}
  m_Layer: 0
  m_Name: L_pinky_meta
  m_TagString: Untagged
  m_Icon: {fileID: 0}
  m_NavMeshLayer: 0
  m_StaticEditorFlags: 0
  m_IsActive: 1
--- !u!1 &1429627740075658
GameObject:
  m_ObjectHideFlags: 1
  m_CorrespondingSourceObject: {fileID: 0}
  m_PrefabInternal: {fileID: 100100000}
  serializedVersion: 6
  m_Component:
  - component: {fileID: 4851125747748836}
  m_Layer: 0
  m_Name: L_index_c
  m_TagString: Untagged
  m_Icon: {fileID: 0}
  m_NavMeshLayer: 0
  m_StaticEditorFlags: 0
  m_IsActive: 1
--- !u!1 &1431838636050280
GameObject:
  m_ObjectHideFlags: 1
  m_CorrespondingSourceObject: {fileID: 0}
  m_PrefabInternal: {fileID: 100100000}
  serializedVersion: 6
  m_Component:
  - component: {fileID: 4764462919380872}
  m_Layer: 0
  m_Name: L_thumb_b
  m_TagString: Untagged
  m_Icon: {fileID: 0}
  m_NavMeshLayer: 0
  m_StaticEditorFlags: 0
  m_IsActive: 1
--- !u!1 &1464387609335930
GameObject:
  m_ObjectHideFlags: 1
  m_CorrespondingSourceObject: {fileID: 0}
  m_PrefabInternal: {fileID: 100100000}
  serializedVersion: 6
  m_Component:
  - component: {fileID: 4457070916224524}
  m_Layer: 0
  m_Name: L_thumb_end
  m_TagString: Untagged
  m_Icon: {fileID: 0}
  m_NavMeshLayer: 0
  m_StaticEditorFlags: 0
  m_IsActive: 1
--- !u!1 &1484307438573606
GameObject:
  m_ObjectHideFlags: 1
  m_CorrespondingSourceObject: {fileID: 0}
  m_PrefabInternal: {fileID: 100100000}
  serializedVersion: 6
  m_Component:
  - component: {fileID: 4751317672792374}
  m_Layer: 0
  m_Name: R_thumb_a
  m_TagString: Untagged
  m_Icon: {fileID: 0}
  m_NavMeshLayer: 0
  m_StaticEditorFlags: 0
  m_IsActive: 1
--- !u!1 &1491985438724366
GameObject:
  m_ObjectHideFlags: 1
  m_CorrespondingSourceObject: {fileID: 0}
  m_PrefabInternal: {fileID: 100100000}
  serializedVersion: 6
  m_Component:
  - component: {fileID: 4530429016639184}
  m_Layer: 0
  m_Name: L_Wrist
  m_TagString: Untagged
  m_Icon: {fileID: 0}
  m_NavMeshLayer: 0
  m_StaticEditorFlags: 0
  m_IsActive: 1
--- !u!1 &1505304808492516
GameObject:
  m_ObjectHideFlags: 1
  m_CorrespondingSourceObject: {fileID: 0}
  m_PrefabInternal: {fileID: 100100000}
  serializedVersion: 6
  m_Component:
  - component: {fileID: 4858631971687952}
  m_Layer: 0
  m_Name: R_ring_end
  m_TagString: Untagged
  m_Icon: {fileID: 0}
  m_NavMeshLayer: 0
  m_StaticEditorFlags: 0
  m_IsActive: 1
--- !u!1 &1506056334144380
GameObject:
  m_ObjectHideFlags: 1
  m_CorrespondingSourceObject: {fileID: 0}
  m_PrefabInternal: {fileID: 100100000}
  serializedVersion: 6
  m_Component:
  - component: {fileID: 4172228367604432}
  - component: {fileID: 114997005964463276}
  m_Layer: 0
  m_Name: R_ring_meta
  m_TagString: Untagged
  m_Icon: {fileID: 0}
  m_NavMeshLayer: 0
  m_StaticEditorFlags: 0
  m_IsActive: 1
--- !u!1 &1540741320140444
GameObject:
  m_ObjectHideFlags: 1
  m_CorrespondingSourceObject: {fileID: 0}
  m_PrefabInternal: {fileID: 100100000}
  serializedVersion: 6
  m_Component:
  - component: {fileID: 4501550969359088}
  m_Layer: 0
  m_Name: L_pinky_end
  m_TagString: Untagged
  m_Icon: {fileID: 0}
  m_NavMeshLayer: 0
  m_StaticEditorFlags: 0
  m_IsActive: 1
--- !u!1 &1553866588957476
GameObject:
  m_ObjectHideFlags: 0
  m_CorrespondingSourceObject: {fileID: 0}
  m_PrefabInternal: {fileID: 100100000}
  serializedVersion: 6
  m_Component:
  - component: {fileID: 4901462448910580}
  - component: {fileID: 114365258437251068}
  m_Layer: 0
  m_Name: Leap Motion Controller
  m_TagString: Untagged
  m_Icon: {fileID: 0}
  m_NavMeshLayer: 0
  m_StaticEditorFlags: 0
  m_IsActive: 1
--- !u!1 &1620815025941618
GameObject:
  m_ObjectHideFlags: 1
  m_CorrespondingSourceObject: {fileID: 0}
  m_PrefabInternal: {fileID: 100100000}
  serializedVersion: 6
  m_Component:
  - component: {fileID: 4810589703852706}
  - component: {fileID: 114052630356260858}
  m_Layer: 0
  m_Name: R_index_meta
  m_TagString: Untagged
  m_Icon: {fileID: 0}
  m_NavMeshLayer: 0
  m_StaticEditorFlags: 0
  m_IsActive: 1
--- !u!1 &1668389163557928
GameObject:
  m_ObjectHideFlags: 1
  m_CorrespondingSourceObject: {fileID: 0}
  m_PrefabInternal: {fileID: 100100000}
  serializedVersion: 6
  m_Component:
  - component: {fileID: 4717550941591350}
  m_Layer: 0
  m_Name: R_middle_c
  m_TagString: Untagged
  m_Icon: {fileID: 0}
  m_NavMeshLayer: 0
  m_StaticEditorFlags: 0
  m_IsActive: 1
--- !u!1 &1679933158121506
GameObject:
  m_ObjectHideFlags: 1
  m_CorrespondingSourceObject: {fileID: 0}
  m_PrefabInternal: {fileID: 100100000}
  serializedVersion: 6
  m_Component:
  - component: {fileID: 4597727484802434}
  m_Layer: 0
  m_Name: L_middle_c
  m_TagString: Untagged
  m_Icon: {fileID: 0}
  m_NavMeshLayer: 0
  m_StaticEditorFlags: 0
  m_IsActive: 1
--- !u!1 &1684315402630496
GameObject:
  m_ObjectHideFlags: 1
  m_CorrespondingSourceObject: {fileID: 0}
  m_PrefabInternal: {fileID: 100100000}
  serializedVersion: 6
  m_Component:
  - component: {fileID: 4680660518275174}
  m_Layer: 0
  m_Name: L_thumb_a
  m_TagString: Untagged
  m_Icon: {fileID: 0}
  m_NavMeshLayer: 0
  m_StaticEditorFlags: 0
  m_IsActive: 1
--- !u!1 &1695846870703610
GameObject:
  m_ObjectHideFlags: 1
  m_CorrespondingSourceObject: {fileID: 0}
  m_PrefabInternal: {fileID: 100100000}
  serializedVersion: 6
  m_Component:
  - component: {fileID: 4608205454858864}
  m_Layer: 0
  m_Name: R_pinky_a
  m_TagString: Untagged
  m_Icon: {fileID: 0}
  m_NavMeshLayer: 0
  m_StaticEditorFlags: 0
  m_IsActive: 1
--- !u!1 &1696493936683666
GameObject:
  m_ObjectHideFlags: 1
  m_CorrespondingSourceObject: {fileID: 0}
  m_PrefabInternal: {fileID: 100100000}
  serializedVersion: 6
  m_Component:
  - component: {fileID: 4917004462037748}
  - component: {fileID: 114038466206506766}
  m_Layer: 0
  m_Name: R_middle_meta
  m_TagString: Untagged
  m_Icon: {fileID: 0}
  m_NavMeshLayer: 0
  m_StaticEditorFlags: 0
  m_IsActive: 1
--- !u!1 &1715952487929230
GameObject:
  m_ObjectHideFlags: 1
  m_CorrespondingSourceObject: {fileID: 0}
  m_PrefabInternal: {fileID: 100100000}
  serializedVersion: 6
  m_Component:
  - component: {fileID: 4963259083322678}
  m_Layer: 0
  m_Name: L_middle_end
  m_TagString: Untagged
  m_Icon: {fileID: 0}
  m_NavMeshLayer: 0
  m_StaticEditorFlags: 0
  m_IsActive: 1
--- !u!1 &1739349967605134
GameObject:
  m_ObjectHideFlags: 1
  m_CorrespondingSourceObject: {fileID: 0}
  m_PrefabInternal: {fileID: 100100000}
  serializedVersion: 6
  m_Component:
  - component: {fileID: 4175106774703000}
  m_Layer: 0
  m_Name: L_ring_c
  m_TagString: Untagged
  m_Icon: {fileID: 0}
  m_NavMeshLayer: 0
  m_StaticEditorFlags: 0
  m_IsActive: 1
--- !u!1 &1741931875079794
GameObject:
  m_ObjectHideFlags: 1
  m_CorrespondingSourceObject: {fileID: 0}
  m_PrefabInternal: {fileID: 100100000}
  serializedVersion: 6
  m_Component:
  - component: {fileID: 4297043067341382}
  m_Layer: 0
  m_Name: R_ring_c
  m_TagString: Untagged
  m_Icon: {fileID: 0}
  m_NavMeshLayer: 0
  m_StaticEditorFlags: 0
  m_IsActive: 1
--- !u!1 &1777325384429534
GameObject:
  m_ObjectHideFlags: 1
  m_CorrespondingSourceObject: {fileID: 0}
  m_PrefabInternal: {fileID: 100100000}
  serializedVersion: 6
  m_Component:
  - component: {fileID: 4437174285762938}
  m_Layer: 0
  m_Name: L_Palm
  m_TagString: Untagged
  m_Icon: {fileID: 0}
  m_NavMeshLayer: 0
  m_StaticEditorFlags: 0
  m_IsActive: 1
--- !u!1 &1778577929194322
GameObject:
  m_ObjectHideFlags: 1
  m_CorrespondingSourceObject: {fileID: 0}
  m_PrefabInternal: {fileID: 100100000}
  serializedVersion: 6
  m_Component:
  - component: {fileID: 4014519353879470}
  m_Layer: 0
  m_Name: L_ring_end
  m_TagString: Untagged
  m_Icon: {fileID: 0}
  m_NavMeshLayer: 0
  m_StaticEditorFlags: 0
  m_IsActive: 1
--- !u!1 &1780085702506638
GameObject:
  m_ObjectHideFlags: 1
  m_CorrespondingSourceObject: {fileID: 0}
  m_PrefabInternal: {fileID: 100100000}
  serializedVersion: 6
  m_Component:
  - component: {fileID: 4145497412030458}
  m_Layer: 0
  m_Name: L_index_b
  m_TagString: Untagged
  m_Icon: {fileID: 0}
  m_NavMeshLayer: 0
  m_StaticEditorFlags: 0
  m_IsActive: 1
--- !u!1 &1795918524821212
GameObject:
  m_ObjectHideFlags: 1
  m_CorrespondingSourceObject: {fileID: 0}
  m_PrefabInternal: {fileID: 100100000}
  serializedVersion: 6
  m_Component:
  - component: {fileID: 4907350069874814}
  - component: {fileID: 114372058267222400}
  m_Layer: 0
  m_Name: Interaction Hand (Right)
  m_TagString: Untagged
  m_Icon: {fileID: 0}
  m_NavMeshLayer: 0
  m_StaticEditorFlags: 0
  m_IsActive: 1
--- !u!1 &1834398281170396
GameObject:
  m_ObjectHideFlags: 1
  m_CorrespondingSourceObject: {fileID: 0}
  m_PrefabInternal: {fileID: 100100000}
  serializedVersion: 6
  m_Component:
  - component: {fileID: 4166240888461536}
  - component: {fileID: 114755366711972980}
  m_Layer: 0
  m_Name: L_middle_meta
  m_TagString: Untagged
  m_Icon: {fileID: 0}
  m_NavMeshLayer: 0
  m_StaticEditorFlags: 0
  m_IsActive: 1
--- !u!1 &1852616172145234
GameObject:
  m_ObjectHideFlags: 1
  m_CorrespondingSourceObject: {fileID: 0}
  m_PrefabInternal: {fileID: 100100000}
  serializedVersion: 6
  m_Component:
  - component: {fileID: 4313391212663554}
  - component: {fileID: 95336298420599780}
  - component: {fileID: 114720543295566506}
  - component: {fileID: 114303974249596608}
  m_Layer: 0
  m_Name: LoPoly Rigged Hand Left
  m_TagString: Untagged
  m_Icon: {fileID: 0}
  m_NavMeshLayer: 0
  m_StaticEditorFlags: 0
  m_IsActive: 1
--- !u!1 &1863826033819806
GameObject:
  m_ObjectHideFlags: 1
  m_CorrespondingSourceObject: {fileID: 0}
  m_PrefabInternal: {fileID: 100100000}
  serializedVersion: 6
  m_Component:
  - component: {fileID: 4284684768600614}
  m_Layer: 0
  m_Name: R_pinky_c
  m_TagString: Untagged
  m_Icon: {fileID: 0}
  m_NavMeshLayer: 0
  m_StaticEditorFlags: 0
  m_IsActive: 1
--- !u!1 &1882421347082768
GameObject:
  m_ObjectHideFlags: 1
  m_CorrespondingSourceObject: {fileID: 0}
  m_PrefabInternal: {fileID: 100100000}
  serializedVersion: 6
  m_Component:
  - component: {fileID: 4844748640340538}
  m_Layer: 0
  m_Name: R_index_c
  m_TagString: Untagged
  m_Icon: {fileID: 0}
  m_NavMeshLayer: 0
  m_StaticEditorFlags: 0
  m_IsActive: 1
--- !u!1 &1882601744043476
GameObject:
  m_ObjectHideFlags: 1
  m_CorrespondingSourceObject: {fileID: 0}
  m_PrefabInternal: {fileID: 100100000}
  serializedVersion: 6
  m_Component:
  - component: {fileID: 4086024209277538}
  - component: {fileID: 95383057332260648}
  - component: {fileID: 114412583265412146}
  - component: {fileID: 114290967732152606}
  m_Layer: 0
  m_Name: LoPoly Rigged Hand Right
  m_TagString: Untagged
  m_Icon: {fileID: 0}
  m_NavMeshLayer: 0
  m_StaticEditorFlags: 0
  m_IsActive: 1
--- !u!1 &1898817595999360
GameObject:
  m_ObjectHideFlags: 1
  m_CorrespondingSourceObject: {fileID: 0}
  m_PrefabInternal: {fileID: 100100000}
  serializedVersion: 6
  m_Component:
  - component: {fileID: 4530374190175038}
  m_Layer: 0
  m_Name: L_ring_b
  m_TagString: Untagged
  m_Icon: {fileID: 0}
  m_NavMeshLayer: 0
  m_StaticEditorFlags: 0
  m_IsActive: 1
--- !u!1 &1910238271394878
GameObject:
  m_ObjectHideFlags: 1
  m_CorrespondingSourceObject: {fileID: 0}
  m_PrefabInternal: {fileID: 100100000}
  serializedVersion: 6
  m_Component:
  - component: {fileID: 4452221658711254}
  m_Layer: 0
  m_Name: R_pinky_end
  m_TagString: Untagged
  m_Icon: {fileID: 0}
  m_NavMeshLayer: 0
  m_StaticEditorFlags: 0
  m_IsActive: 1
--- !u!1 &1934643764077478
GameObject:
  m_ObjectHideFlags: 1
  m_CorrespondingSourceObject: {fileID: 0}
  m_PrefabInternal: {fileID: 100100000}
  serializedVersion: 6
  m_Component:
  - component: {fileID: 4696113574727178}
  m_Layer: 0
  m_Name: R_ring_a
  m_TagString: Untagged
  m_Icon: {fileID: 0}
  m_NavMeshLayer: 0
  m_StaticEditorFlags: 0
  m_IsActive: 1
--- !u!1 &1945456415437652
GameObject:
  m_ObjectHideFlags: 1
  m_CorrespondingSourceObject: {fileID: 0}
  m_PrefabInternal: {fileID: 100100000}
  serializedVersion: 6
  m_Component:
  - component: {fileID: 4649066600017460}
  m_Layer: 0
  m_Name: R_thumb_b
  m_TagString: Untagged
  m_Icon: {fileID: 0}
  m_NavMeshLayer: 0
  m_StaticEditorFlags: 0
  m_IsActive: 1
--- !u!1 &1958093820424938
GameObject:
  m_ObjectHideFlags: 1
  m_CorrespondingSourceObject: {fileID: 0}
  m_PrefabInternal: {fileID: 100100000}
  serializedVersion: 6
  m_Component:
  - component: {fileID: 4125955733719282}
  m_Layer: 0
  m_Name: L_pinky_a
  m_TagString: Untagged
  m_Icon: {fileID: 0}
  m_NavMeshLayer: 0
  m_StaticEditorFlags: 0
  m_IsActive: 1
--- !u!1 &1967178263896138
GameObject:
  m_ObjectHideFlags: 1
  m_CorrespondingSourceObject: {fileID: 0}
  m_PrefabInternal: {fileID: 100100000}
  serializedVersion: 6
  m_Component:
  - component: {fileID: 4329862234868706}
  m_Layer: 0
  m_Name: R_ring_b
  m_TagString: Untagged
  m_Icon: {fileID: 0}
  m_NavMeshLayer: 0
  m_StaticEditorFlags: 0
  m_IsActive: 1
--- !u!1 &1973647278611346
GameObject:
  m_ObjectHideFlags: 1
  m_CorrespondingSourceObject: {fileID: 0}
  m_PrefabInternal: {fileID: 100100000}
  serializedVersion: 6
  m_Component:
  - component: {fileID: 4941053615960546}
  m_Layer: 0
  m_Name: R_thumb_end
  m_TagString: Untagged
  m_Icon: {fileID: 0}
  m_NavMeshLayer: 0
  m_StaticEditorFlags: 0
  m_IsActive: 1
--- !u!4 &4014519353879470
Transform:
  m_ObjectHideFlags: 1
  m_CorrespondingSourceObject: {fileID: 0}
  m_PrefabInternal: {fileID: 100100000}
  m_GameObject: {fileID: 1778577929194322}
  m_LocalRotation: {x: 1.110223e-16, y: -1.179612e-16, z: 1.3096324e-32, w: 1}
  m_LocalPosition: {x: -0.02588541, y: -4.4408918e-17, z: -3.330669e-17}
  m_LocalScale: {x: 1, y: 1, z: 1}
  m_Children: []
  m_Father: {fileID: 4175106774703000}
  m_RootOrder: 0
  m_LocalEulerAnglesHint: {x: 0, y: 0, z: 0}
--- !u!4 &4027385609407484
Transform:
  m_ObjectHideFlags: 1
  m_CorrespondingSourceObject: {fileID: 0}
  m_PrefabInternal: {fileID: 100100000}
  m_GameObject: {fileID: 1366829842035748}
  m_LocalRotation: {x: -0, y: -0, z: 0.000000002444721, w: 1}
  m_LocalPosition: {x: -0.06459987, y: 0.00000012315286, z: 0.000000040745363}
  m_LocalScale: {x: 1, y: 1, z: 1}
  m_Children:
  - {fileID: 4459771535948134}
  m_Father: {fileID: 4166240888461536}
  m_RootOrder: 0
  m_LocalEulerAnglesHint: {x: 0, y: 0, z: 0}
--- !u!4 &4086024209277538
Transform:
  m_ObjectHideFlags: 1
  m_CorrespondingSourceObject: {fileID: 0}
  m_PrefabInternal: {fileID: 100100000}
  m_GameObject: {fileID: 1882601744043476}
  m_LocalRotation: {x: -0, y: -0, z: -0, w: 1}
  m_LocalPosition: {x: 0, y: 0, z: 0}
  m_LocalScale: {x: 1, y: 1, z: 1}
  m_Children:
  - {fileID: 4341544066531130}
  - {fileID: 4106720817320630}
  m_Father: {fileID: 4524960363561034}
  m_RootOrder: 1
  m_LocalEulerAnglesHint: {x: 0, y: 0, z: 0}
--- !u!4 &4106720817320630
Transform:
  m_ObjectHideFlags: 1
  m_CorrespondingSourceObject: {fileID: 0}
  m_PrefabInternal: {fileID: 100100000}
  m_GameObject: {fileID: 1049366644945818}
  m_LocalRotation: {x: 0.4977095, y: 0.50228006, z: 0.49589676, w: 0.50406986}
  m_LocalPosition: {x: -8.809142e-21, y: 0, z: -5.746268e-20}
  m_LocalScale: {x: 1, y: 1, z: 1}
  m_Children:
  - {fileID: 4583850078235816}
  m_Father: {fileID: 4086024209277538}
  m_RootOrder: 1
  m_LocalEulerAnglesHint: {x: 0, y: 0, z: 0}
--- !u!4 &4116444230616702
Transform:
  m_ObjectHideFlags: 1
  m_CorrespondingSourceObject: {fileID: 0}
  m_PrefabInternal: {fileID: 100100000}
  m_GameObject: {fileID: 1239961653467228}
  m_LocalRotation: {x: -0, y: -0, z: -0, w: 1}
  m_LocalPosition: {x: -0.032739922, y: 0.000000014313535, z: 0.000000029918738}
  m_LocalScale: {x: 1, y: 1, z: 1}
  m_Children:
  - {fileID: 4829346364255254}
  m_Father: {fileID: 4125955733719282}
  m_RootOrder: 0
  m_LocalEulerAnglesHint: {x: 0, y: 0, z: 0}
--- !u!4 &4125955733719282
Transform:
  m_ObjectHideFlags: 1
  m_CorrespondingSourceObject: {fileID: 0}
  m_PrefabInternal: {fileID: 100100000}
  m_GameObject: {fileID: 1958093820424938}
  m_LocalRotation: {x: 0.000000014901158, y: -0, z: -0.0000000018626447, w: 1}
  m_LocalPosition: {x: -0.053690158, y: -0.000000055413693, z: -0.00000007764902}
  m_LocalScale: {x: 1, y: 1, z: 1}
  m_Children:
  - {fileID: 4116444230616702}
  m_Father: {fileID: 4922718403915528}
  m_RootOrder: 0
  m_LocalEulerAnglesHint: {x: 0, y: 0, z: 0}
--- !u!4 &4145497412030458
Transform:
  m_ObjectHideFlags: 1
  m_CorrespondingSourceObject: {fileID: 0}
  m_PrefabInternal: {fileID: 100100000}
  m_GameObject: {fileID: 1780085702506638}
  m_LocalRotation: {x: -0, y: -0, z: -0, w: 1}
  m_LocalPosition: {x: -0.039780006, y: 0.00000012417343, z: -0.000000019543222}
  m_LocalScale: {x: 1, y: 1, z: 1}
  m_Children:
  - {fileID: 4851125747748836}
  m_Father: {fileID: 4175509767283446}
  m_RootOrder: 0
  m_LocalEulerAnglesHint: {x: 0, y: 0, z: 0}
--- !u!4 &4166240888461536
Transform:
  m_ObjectHideFlags: 1
  m_CorrespondingSourceObject: {fileID: 0}
  m_PrefabInternal: {fileID: 100100000}
  m_GameObject: {fileID: 1834398281170396}
  m_LocalRotation: {x: -0.07399496, y: -0.009242236, z: -0.07527795, w: 0.99437046}
  m_LocalPosition: {x: -0.009395367, y: -0.009582917, z: -0.007939868}
  m_LocalScale: {x: 1, y: 1, z: 1}
  m_Children:
  - {fileID: 4027385609407484}
  m_Father: {fileID: 4437174285762938}
  m_RootOrder: 1
  m_LocalEulerAnglesHint: {x: 0, y: 0, z: 0}
--- !u!4 &4172228367604432
Transform:
  m_ObjectHideFlags: 1
  m_CorrespondingSourceObject: {fileID: 0}
  m_PrefabInternal: {fileID: 100100000}
  m_GameObject: {fileID: 1506056334144380}
  m_LocalRotation: {x: -0.104890704, y: 0.06845522, z: -0.067679286, w: 0.9898138}
  m_LocalPosition: {x: 0.010354048, y: 0.008603675, z: -0.0033526341}
  m_LocalScale: {x: 1, y: 1, z: 1}
  m_Children:
  - {fileID: 4696113574727178}
  m_Father: {fileID: 4583850078235816}
  m_RootOrder: 3
  m_LocalEulerAnglesHint: {x: 0, y: 0, z: 0}
--- !u!4 &4175106774703000
Transform:
  m_ObjectHideFlags: 1
  m_CorrespondingSourceObject: {fileID: 0}
  m_PrefabInternal: {fileID: 100100000}
  m_GameObject: {fileID: 1739349967605134}
  m_LocalRotation: {x: -0, y: -0, z: -0, w: 1}
  m_LocalPosition: {x: -0.025650095, y: 0.00000005999864, z: 0.000000027706847}
  m_LocalScale: {x: 0.99999934, y: 1, z: 1}
  m_Children:
  - {fileID: 4014519353879470}
  m_Father: {fileID: 4530374190175038}
  m_RootOrder: 0
  m_LocalEulerAnglesHint: {x: 0, y: 0, z: 0}
--- !u!4 &4175509767283446
Transform:
  m_ObjectHideFlags: 1
  m_CorrespondingSourceObject: {fileID: 0}
  m_PrefabInternal: {fileID: 100100000}
  m_GameObject: {fileID: 1124116619357418}
  m_LocalRotation: {x: -0, y: -0, z: -0.0000000030850056, w: 1}
  m_LocalPosition: {x: -0.06812007, y: 0.000000115745934, z: 0.000000005980837}
  m_LocalScale: {x: 1, y: 1, z: 1}
  m_Children:
  - {fileID: 4145497412030458}
  m_Father: {fileID: 4224747902506786}
  m_RootOrder: 0
  m_LocalEulerAnglesHint: {x: 0, y: 0, z: 0}
--- !u!4 &4224747902506786
Transform:
  m_ObjectHideFlags: 1
  m_CorrespondingSourceObject: {fileID: 0}
  m_PrefabInternal: {fileID: 100100000}
  m_GameObject: {fileID: 1049373255317766}
  m_LocalRotation: {x: 0.0062662214, y: -0.08401711, z: -0.07411179, w: 0.99368477}
  m_LocalPosition: {x: -0.006739432, y: -0.008105087, z: -0.018928465}
  m_LocalScale: {x: 1, y: 1, z: 1}
  m_Children:
  - {fileID: 4175509767283446}
  m_Father: {fileID: 4437174285762938}
  m_RootOrder: 0
  m_LocalEulerAnglesHint: {x: 0, y: 0, z: 0}
--- !u!4 &4281233369558874
Transform:
  m_ObjectHideFlags: 1
  m_CorrespondingSourceObject: {fileID: 0}
  m_PrefabInternal: {fileID: 100100000}
  m_GameObject: {fileID: 1012340609914816}
  m_LocalRotation: {x: -0, y: -0, z: -0, w: 1}
  m_LocalPosition: {x: 0, y: 1.6, z: 0}
  m_LocalScale: {x: 1, y: 1, z: 1}
  m_Children:
  - {fileID: 4833815011450340}
  - {fileID: 4907350069874814}
  m_Father: {fileID: 4519093488025556}
  m_RootOrder: 2
  m_LocalEulerAnglesHint: {x: 0, y: 0, z: 0}
--- !u!4 &4284684768600614
Transform:
  m_ObjectHideFlags: 1
  m_CorrespondingSourceObject: {fileID: 0}
  m_PrefabInternal: {fileID: 100100000}
  m_GameObject: {fileID: 1863826033819806}
  m_LocalRotation: {x: -0, y: -0, z: -0, w: 1}
  m_LocalPosition: {x: 0.018109947, y: -0.000000013969839, z: -0.000000044237822}
  m_LocalScale: {x: 0.9999999, y: 1, z: 1}
  m_Children:
  - {fileID: 4452221658711254}
  m_Father: {fileID: 4337732799689660}
  m_RootOrder: 0
  m_LocalEulerAnglesHint: {x: 0, y: 0, z: 0}
--- !u!4 &4297043067341382
Transform:
  m_ObjectHideFlags: 1
  m_CorrespondingSourceObject: {fileID: 0}
  m_PrefabInternal: {fileID: 100100000}
  m_GameObject: {fileID: 1741931875079794}
  m_LocalRotation: {x: -0, y: -0, z: -0, w: 1}
  m_LocalPosition: {x: 0.025649983, y: -0.00000006952081, z: -0.00000006938353}
  m_LocalScale: {x: 0.9999996, y: 1, z: 1}
  m_Children:
  - {fileID: 4858631971687952}
  m_Father: {fileID: 4329862234868706}
  m_RootOrder: 0
  m_LocalEulerAnglesHint: {x: 0, y: 0, z: 0}
--- !u!4 &4313391212663554
Transform:
  m_ObjectHideFlags: 1
  m_CorrespondingSourceObject: {fileID: 0}
  m_PrefabInternal: {fileID: 100100000}
  m_GameObject: {fileID: 1852616172145234}
  m_LocalRotation: {x: -0, y: -0, z: -0, w: 1}
  m_LocalPosition: {x: 0, y: 0, z: 0}
  m_LocalScale: {x: 1, y: 1, z: 1}
  m_Children:
  - {fileID: 4530429016639184}
  - {fileID: 4872364095943944}
  m_Father: {fileID: 4524960363561034}
  m_RootOrder: 0
  m_LocalEulerAnglesHint: {x: 0, y: 0, z: 0}
--- !u!4 &4329862234868706
Transform:
  m_ObjectHideFlags: 1
  m_CorrespondingSourceObject: {fileID: 0}
  m_PrefabInternal: {fileID: 100100000}
  m_GameObject: {fileID: 1967178263896138}
  m_LocalRotation: {x: -0, y: -0, z: -0, w: 1}
  m_LocalPosition: {x: 0.04136997, y: -0.000000032092927, z: 0.000000024563633}
  m_LocalScale: {x: 1, y: 1, z: 1}
  m_Children:
  - {fileID: 4297043067341382}
  m_Father: {fileID: 4696113574727178}
  m_RootOrder: 0
  m_LocalEulerAnglesHint: {x: 0, y: 0, z: 0}
--- !u!4 &4337732799689660
Transform:
  m_ObjectHideFlags: 1
  m_CorrespondingSourceObject: {fileID: 0}
  m_PrefabInternal: {fileID: 100100000}
  m_GameObject: {fileID: 1393238593368698}
  m_LocalRotation: {x: -0, y: -0, z: -0, w: 1}
  m_LocalPosition: {x: 0.032739926, y: -0.000000015366822, z: -0.000000022584572}
  m_LocalScale: {x: 1, y: 1, z: 1}
  m_Children:
  - {fileID: 4284684768600614}
  m_Father: {fileID: 4608205454858864}
  m_RootOrder: 0
  m_LocalEulerAnglesHint: {x: 0, y: 0, z: 0}
--- !u!4 &4341544066531130
Transform:
  m_ObjectHideFlags: 1
  m_CorrespondingSourceObject: {fileID: 0}
  m_PrefabInternal: {fileID: 100100000}
  m_GameObject: {fileID: 1085979198380808}
  m_LocalRotation: {x: 0, y: -0, z: -0, w: 1}
  m_LocalPosition: {x: -0, y: 0, z: 0}
  m_LocalScale: {x: 1, y: 1, z: 1}
  m_Children: []
  m_Father: {fileID: 4086024209277538}
  m_RootOrder: 0
  m_LocalEulerAnglesHint: {x: 0, y: 0, z: 0}
--- !u!4 &4361213304306174
Transform:
  m_ObjectHideFlags: 1
  m_CorrespondingSourceObject: {fileID: 0}
  m_PrefabInternal: {fileID: 100100000}
  m_GameObject: {fileID: 1027898888536178}
  m_LocalRotation: {x: -0, y: -0, z: -0.0000000013969839, w: 1}
  m_LocalPosition: {x: -0.05799995, y: -0.00000007706694, z: -0.0000000040745363}
  m_LocalScale: {x: 1, y: 1, z: 1}
  m_Children:
  - {fileID: 4530374190175038}
  m_Father: {fileID: 4954212048631780}
  m_RootOrder: 0
  m_LocalEulerAnglesHint: {x: 0, y: 0, z: 0}
--- !u!4 &4403758647992850
Transform:
  m_ObjectHideFlags: 1
  m_CorrespondingSourceObject: {fileID: 0}
  m_PrefabInternal: {fileID: 100100000}
  m_GameObject: {fileID: 1235768028072322}
  m_LocalRotation: {x: 9.3030555e-17, y: -1.4224731e-16, z: 2.1525058e-16, w: 1}
  m_LocalPosition: {x: 0.02219061, y: -0.000000032179198, z: 0.00000007035985}
  m_LocalScale: {x: 1, y: 1, z: 1}
  m_Children: []
  m_Father: {fileID: 4844748640340538}
  m_RootOrder: 0
  m_LocalEulerAnglesHint: {x: 0, y: 0, z: 0}
--- !u!4 &4430001208194086
Transform:
  m_ObjectHideFlags: 1
  m_CorrespondingSourceObject: {fileID: 0}
  m_PrefabInternal: {fileID: 100100000}
  m_GameObject: {fileID: 1178197190574132}
  m_LocalRotation: {x: -0, y: -0, z: -0.0000000030850056, w: 1}
  m_LocalPosition: {x: 0.06811994, y: -0.00000012633973, z: 0.000000026353518}
  m_LocalScale: {x: 1, y: 1, z: 1}
  m_Children:
  - {fileID: 4504936299513372}
  m_Father: {fileID: 4810589703852706}
  m_RootOrder: 0
  m_LocalEulerAnglesHint: {x: 0, y: 0, z: 0}
--- !u!4 &4437174285762938
Transform:
  m_ObjectHideFlags: 1
  m_CorrespondingSourceObject: {fileID: 0}
  m_PrefabInternal: {fileID: 100100000}
  m_GameObject: {fileID: 1777325384429534}
  m_LocalRotation: {x: 0.70258576, y: 0.71159685, z: -0.0012818276, w: -0.0012655853}
  m_LocalPosition: {x: 1.7285769, y: -0.22799051, z: -0.13327543}
  m_LocalScale: {x: 1, y: 1, z: 1}
  m_Children:
  - {fileID: 4224747902506786}
  - {fileID: 4166240888461536}
  - {fileID: 4922718403915528}
  - {fileID: 4954212048631780}
  - {fileID: 4478929117101364}
  m_Father: {fileID: 4530429016639184}
  m_RootOrder: 0
  m_LocalEulerAnglesHint: {x: 0, y: 0, z: 0}
--- !u!4 &4452221658711254
Transform:
  m_ObjectHideFlags: 1
  m_CorrespondingSourceObject: {fileID: 0}
  m_PrefabInternal: {fileID: 100100000}
  m_GameObject: {fileID: 1910238271394878}
  m_LocalRotation: {x: -4.1633357e-17, y: -9.714451e-17, z: 5.5511148e-17, w: 1}
  m_LocalPosition: {x: 0.020943858, y: -0.00000012451969, z: -0.00000021604923}
  m_LocalScale: {x: 1, y: 1, z: 1}
  m_Children: []
  m_Father: {fileID: 4284684768600614}
  m_RootOrder: 0
  m_LocalEulerAnglesHint: {x: 0, y: 0, z: 0}
--- !u!4 &4457070916224524
Transform:
  m_ObjectHideFlags: 1
  m_CorrespondingSourceObject: {fileID: 0}
  m_PrefabInternal: {fileID: 100100000}
  m_GameObject: {fileID: 1464387609335930}
  m_LocalRotation: {x: 2.7755576e-17, y: -5.551115e-17, z: 1.2490009e-16, w: 1}
  m_LocalPosition: {x: -0.030591473, y: 9.992007e-17, z: 4.440892e-18}
  m_LocalScale: {x: 1, y: 1, z: 1}
  m_Children: []
  m_Father: {fileID: 4764462919380872}
  m_RootOrder: 0
  m_LocalEulerAnglesHint: {x: 0, y: 0, z: 0}
--- !u!4 &4459771535948134
Transform:
  m_ObjectHideFlags: 1
  m_CorrespondingSourceObject: {fileID: 0}
  m_PrefabInternal: {fileID: 100100000}
  m_GameObject: {fileID: 1206285212385388}
  m_LocalRotation: {x: -0, y: -0, z: -0, w: 1}
  m_LocalPosition: {x: -0.04463023, y: 0.00000005532632, z: 0.000000009080395}
  m_LocalScale: {x: 1, y: 1, z: 1}
  m_Children:
  - {fileID: 4597727484802434}
  m_Father: {fileID: 4027385609407484}
  m_RootOrder: 0
  m_LocalEulerAnglesHint: {x: 0, y: 0, z: 0}
--- !u!4 &4468776787700956
Transform:
  m_ObjectHideFlags: 1
  m_CorrespondingSourceObject: {fileID: 0}
  m_PrefabInternal: {fileID: 100100000}
  m_GameObject: {fileID: 1232304955334406}
  m_LocalRotation: {x: 6.938894e-17, y: 1.0408341e-17, z: -2.7755576e-17, w: 1}
  m_LocalPosition: {x: -0.022190845, y: 2.6645352e-17, z: -1.2212453e-17}
  m_LocalScale: {x: 1, y: 1, z: 1}
  m_Children: []
  m_Father: {fileID: 4851125747748836}
  m_RootOrder: 0
  m_LocalEulerAnglesHint: {x: 0, y: 0, z: 0}
--- !u!4 &4478929117101364
Transform:
  m_ObjectHideFlags: 1
  m_CorrespondingSourceObject: {fileID: 0}
  m_PrefabInternal: {fileID: 100100000}
  m_GameObject: {fileID: 1143716455204198}
  m_LocalRotation: {x: 0.5351684, y: -0.3575552, z: -0.01990485, w: 0.76508355}
  m_LocalPosition: {x: 0.0031684628, y: 0.010000038, z: -0.026396368}
  m_LocalScale: {x: 1, y: 1, z: 1}
  m_Children:
  - {fileID: 4680660518275174}
  m_Father: {fileID: 4437174285762938}
  m_RootOrder: 4
  m_LocalEulerAnglesHint: {x: 0, y: 0, z: 0}
--- !u!4 &4501550969359088
Transform:
  m_ObjectHideFlags: 1
  m_CorrespondingSourceObject: {fileID: 0}
  m_PrefabInternal: {fileID: 100100000}
  m_GameObject: {fileID: 1540741320140444}
  m_LocalRotation: {x: 1.3877788e-16, y: -1.0408341e-16, z: 1.110223e-16, w: 1}
  m_LocalPosition: {x: -0.020944072, y: -2.5757173e-16, z: -1.0769163e-16}
  m_LocalScale: {x: 1, y: 1, z: 1}
  m_Children: []
  m_Father: {fileID: 4829346364255254}
  m_RootOrder: 0
  m_LocalEulerAnglesHint: {x: 0, y: 0, z: 0}
--- !u!4 &4504936299513372
Transform:
  m_ObjectHideFlags: 1
  m_CorrespondingSourceObject: {fileID: 0}
  m_PrefabInternal: {fileID: 100100000}
  m_GameObject: {fileID: 1218944569973182}
  m_LocalRotation: {x: -0, y: -0, z: -0, w: 1}
  m_LocalPosition: {x: 0.03978011, y: -0.000000103218674, z: -0.000000023908797}
  m_LocalScale: {x: 1, y: 1, z: 1}
  m_Children:
  - {fileID: 4844748640340538}
  m_Father: {fileID: 4430001208194086}
  m_RootOrder: 0
  m_LocalEulerAnglesHint: {x: 0, y: 0, z: 0}
--- !u!4 &4519093488025556
Transform:
  m_ObjectHideFlags: 1
  m_CorrespondingSourceObject: {fileID: 0}
  m_PrefabInternal: {fileID: 100100000}
  m_GameObject: {fileID: 1255369117135152}
  m_LocalRotation: {x: 0, y: 0, z: 0, w: 1}
  m_LocalPosition: {x: 0, y: 0, z: 0}
  m_LocalScale: {x: 1, y: 1, z: 1}
  m_Children:
  - {fileID: 4901462448910580}
  - {fileID: 4524960363561034}
  - {fileID: 4281233369558874}
  m_Father: {fileID: 0}
  m_RootOrder: 0
  m_LocalEulerAnglesHint: {x: 0, y: 0, z: 0}
--- !u!4 &4521945194571038
Transform:
  m_ObjectHideFlags: 1
  m_CorrespondingSourceObject: {fileID: 0}
  m_PrefabInternal: {fileID: 100100000}
  m_GameObject: {fileID: 1396424012925102}
  m_LocalRotation: {x: 0.5351684, y: -0.3575552, z: -0.01990488, w: 0.76508355}
  m_LocalPosition: {x: -0.0031684672, y: -0.010000038, z: 0.026396379}
  m_LocalScale: {x: 1, y: 1, z: 1}
  m_Children:
  - {fileID: 4751317672792374}
  m_Father: {fileID: 4583850078235816}
  m_RootOrder: 4
  m_LocalEulerAnglesHint: {x: 0, y: 0, z: 0}
--- !u!4 &4524960363561034
Transform:
  m_ObjectHideFlags: 1
  m_CorrespondingSourceObject: {fileID: 0}
  m_PrefabInternal: {fileID: 100100000}
  m_GameObject: {fileID: 1263786319424336}
  m_LocalRotation: {x: -0, y: -0, z: -0, w: 1}
  m_LocalPosition: {x: 0, y: 1.6, z: 0}
  m_LocalScale: {x: 1, y: 1, z: 1}
  m_Children:
  - {fileID: 4313391212663554}
  - {fileID: 4086024209277538}
  m_Father: {fileID: 4519093488025556}
  m_RootOrder: 1
  m_LocalEulerAnglesHint: {x: 0, y: 0, z: 0}
--- !u!4 &4530374190175038
Transform:
  m_ObjectHideFlags: 1
  m_CorrespondingSourceObject: {fileID: 0}
  m_PrefabInternal: {fileID: 100100000}
  m_GameObject: {fileID: 1898817595999360}
  m_LocalRotation: {x: -0, y: -0, z: -0, w: 1}
  m_LocalPosition: {x: -0.041370083, y: 0.000000013388591, z: -0.000000020605512}
  m_LocalScale: {x: 1, y: 1, z: 1}
  m_Children:
  - {fileID: 4175106774703000}
  m_Father: {fileID: 4361213304306174}
  m_RootOrder: 0
  m_LocalEulerAnglesHint: {x: 0, y: 0, z: 0}
--- !u!4 &4530429016639184
Transform:
  m_ObjectHideFlags: 1
  m_CorrespondingSourceObject: {fileID: 0}
  m_PrefabInternal: {fileID: 100100000}
  m_GameObject: {fileID: 1491985438724366}
  m_LocalRotation: {x: 0.50406986, y: -0.49589676, z: 0.50228006, w: -0.4977095}
  m_LocalPosition: {x: -8.809142e-21, y: 0, z: -5.746271e-20}
  m_LocalScale: {x: 1, y: 1, z: 1}
  m_Children:
  - {fileID: 4437174285762938}
  m_Father: {fileID: 4313391212663554}
  m_RootOrder: 0
  m_LocalEulerAnglesHint: {x: 0, y: 0, z: 0}
--- !u!4 &4552198274912278
Transform:
  m_ObjectHideFlags: 1
  m_CorrespondingSourceObject: {fileID: 0}
  m_PrefabInternal: {fileID: 100100000}
  m_GameObject: {fileID: 1197099707435690}
  m_LocalRotation: {x: -1.8478053e-16, y: -9.627715e-17, z: -8.3266806e-17, w: 1}
  m_LocalPosition: {x: 0.024722464, y: 0.00000026004926, z: -0.000000024034629}
  m_LocalScale: {x: 1, y: 1, z: 1}
  m_Children: []
  m_Father: {fileID: 4717550941591350}
  m_RootOrder: 0
  m_LocalEulerAnglesHint: {x: 0, y: 0, z: 0}
--- !u!4 &4583850078235816
Transform:
  m_ObjectHideFlags: 1
  m_CorrespondingSourceObject: {fileID: 0}
  m_PrefabInternal: {fileID: 100100000}
  m_GameObject: {fileID: 1229129176536720}
  m_LocalRotation: {x: -0.70258576, y: -0.71159685, z: 0.001281768, w: 0.0012656449}
  m_LocalPosition: {x: -1.7285769, y: 0.22799063, z: 0.13327542}
  m_LocalScale: {x: 1, y: 1, z: 1}
  m_Children:
  - {fileID: 4810589703852706}
  - {fileID: 4917004462037748}
  - {fileID: 4672606805793742}
  - {fileID: 4172228367604432}
  - {fileID: 4521945194571038}
  m_Father: {fileID: 4106720817320630}
  m_RootOrder: 0
  m_LocalEulerAnglesHint: {x: 0, y: 0, z: 0}
--- !u!4 &4597727484802434
Transform:
  m_ObjectHideFlags: 1
  m_CorrespondingSourceObject: {fileID: 0}
  m_PrefabInternal: {fileID: 100100000}
  m_GameObject: {fileID: 1679933158121506}
  m_LocalRotation: {x: -0, y: -0, z: -0, w: 1}
  m_LocalPosition: {x: -0.026329845, y: -0.0000000024906086, z: -0.000000006519258}
  m_LocalScale: {x: 0.99999934, y: 1, z: 1}
  m_Children:
  - {fileID: 4963259083322678}
  m_Father: {fileID: 4459771535948134}
  m_RootOrder: 0
  m_LocalEulerAnglesHint: {x: 0, y: 0, z: 0}
--- !u!4 &4608205454858864
Transform:
  m_ObjectHideFlags: 1
  m_CorrespondingSourceObject: {fileID: 0}
  m_PrefabInternal: {fileID: 100100000}
  m_GameObject: {fileID: 1695846870703610}
  m_LocalRotation: {x: -0, y: -0, z: -0, w: 1}
  m_LocalPosition: {x: 0.05369016, y: 0.000000056345016, z: 0.000000078231096}
  m_LocalScale: {x: 1, y: 1, z: 1}
  m_Children:
  - {fileID: 4337732799689660}
  m_Father: {fileID: 4672606805793742}
  m_RootOrder: 0
  m_LocalEulerAnglesHint: {x: 0, y: 0, z: 0}
--- !u!4 &4649066600017460
Transform:
  m_ObjectHideFlags: 1
  m_CorrespondingSourceObject: {fileID: 0}
  m_PrefabInternal: {fileID: 100100000}
  m_GameObject: {fileID: 1945456415437652}
  m_LocalRotation: {x: -0, y: -0, z: 8.881782e-16, w: 1}
  m_LocalPosition: {x: 0.03156989, y: 0.00000007917196, z: -0.000000099632445}
  m_LocalScale: {x: 1, y: 1, z: 1}
  m_Children:
  - {fileID: 4941053615960546}
  m_Father: {fileID: 4751317672792374}
  m_RootOrder: 0
  m_LocalEulerAnglesHint: {x: 0, y: 0, z: 0}
--- !u!4 &4672606805793742
Transform:
  m_ObjectHideFlags: 1
  m_CorrespondingSourceObject: {fileID: 0}
  m_PrefabInternal: {fileID: 100100000}
  m_GameObject: {fileID: 1042146039614272}
  m_LocalRotation: {x: -0.17725913, y: 0.1384382, z: -0.029145658, w: 0.9739429}
  m_LocalPosition: {x: 0.008187788, y: 0.0016830778, z: -0.0143559445}
  m_LocalScale: {x: 1, y: 1, z: 1}
  m_Children:
  - {fileID: 4608205454858864}
  m_Father: {fileID: 4583850078235816}
  m_RootOrder: 2
  m_LocalEulerAnglesHint: {x: 0, y: 0, z: 0}
--- !u!4 &4680660518275174
Transform:
  m_ObjectHideFlags: 1
  m_CorrespondingSourceObject: {fileID: 0}
  m_PrefabInternal: {fileID: 100100000}
  m_GameObject: {fileID: 1684315402630496}
  m_LocalRotation: {x: -0.000000029802319, y: 0.000000029802319, z: -0, w: 1}
  m_LocalPosition: {x: -0.04622007, y: 0.00000004284084, z: -0.000000110827386}
  m_LocalScale: {x: 1, y: 1, z: 1}
  m_Children:
  - {fileID: 4764462919380872}
  m_Father: {fileID: 4478929117101364}
  m_RootOrder: 0
  m_LocalEulerAnglesHint: {x: 0, y: 0, z: 0}
--- !u!4 &4696113574727178
Transform:
  m_ObjectHideFlags: 1
  m_CorrespondingSourceObject: {fileID: 0}
  m_PrefabInternal: {fileID: 100100000}
  m_GameObject: {fileID: 1934643764077478}
  m_LocalRotation: {x: -0, y: -0, z: -0.0000000018626451, w: 1}
  m_LocalPosition: {x: 0.05800006, y: 0.00000009208452, z: 0.00000001641456}
  m_LocalScale: {x: 1, y: 1, z: 1}
  m_Children:
  - {fileID: 4329862234868706}
  m_Father: {fileID: 4172228367604432}
  m_RootOrder: 0
  m_LocalEulerAnglesHint: {x: 0, y: 0, z: 0}
--- !u!4 &4717550941591350
Transform:
  m_ObjectHideFlags: 1
  m_CorrespondingSourceObject: {fileID: 0}
  m_PrefabInternal: {fileID: 100100000}
  m_GameObject: {fileID: 1668389163557928}
  m_LocalRotation: {x: -0, y: -0, z: -0, w: 1}
  m_LocalPosition: {x: 0.026329964, y: 0.0000000018625457, z: 0.000000009080395}
  m_LocalScale: {x: 0.99999934, y: 1, z: 1}
  m_Children:
  - {fileID: 4552198274912278}
  m_Father: {fileID: 4749450639368102}
  m_RootOrder: 0
  m_LocalEulerAnglesHint: {x: 0, y: 0, z: 0}
--- !u!4 &4749450639368102
Transform:
  m_ObjectHideFlags: 1
  m_CorrespondingSourceObject: {fileID: 0}
  m_PrefabInternal: {fileID: 100100000}
  m_GameObject: {fileID: 1383229166838494}
  m_LocalRotation: {x: -0, y: -0, z: -0, w: 1}
  m_LocalPosition: {x: 0.044629984, y: -0.000000094490694, z: -9.313226e-10}
  m_LocalScale: {x: 1, y: 1, z: 1}
  m_Children:
  - {fileID: 4717550941591350}
  m_Father: {fileID: 4795500641306270}
  m_RootOrder: 0
  m_LocalEulerAnglesHint: {x: 0, y: 0, z: 0}
--- !u!4 &4751317672792374
Transform:
  m_ObjectHideFlags: 1
  m_CorrespondingSourceObject: {fileID: 0}
  m_PrefabInternal: {fileID: 100100000}
  m_GameObject: {fileID: 1484307438573606}
  m_LocalRotation: {x: -0.000000029802319, y: 0.000000029802319, z: -0.000000014901159,
    w: 1}
  m_LocalPosition: {x: 0.046220057, y: -0.000000055879354, z: 0.000000110827386}
  m_LocalScale: {x: 1, y: 1, z: 1}
  m_Children:
  - {fileID: 4649066600017460}
  m_Father: {fileID: 4521945194571038}
  m_RootOrder: 0
  m_LocalEulerAnglesHint: {x: 0, y: 0, z: 0}
--- !u!4 &4764462919380872
Transform:
  m_ObjectHideFlags: 1
  m_CorrespondingSourceObject: {fileID: 0}
  m_PrefabInternal: {fileID: 100100000}
  m_GameObject: {fileID: 1431838636050280}
  m_LocalRotation: {x: -0, y: -0, z: -0, w: 1}
  m_LocalPosition: {x: -0.031569965, y: -0.000000024214398, z: 0.00000017041296}
  m_LocalScale: {x: 1, y: 1, z: 1}
  m_Children:
  - {fileID: 4457070916224524}
  m_Father: {fileID: 4680660518275174}
  m_RootOrder: 0
  m_LocalEulerAnglesHint: {x: 0, y: 0, z: 0}
--- !u!4 &4795500641306270
Transform:
  m_ObjectHideFlags: 1
  m_CorrespondingSourceObject: {fileID: 0}
  m_PrefabInternal: {fileID: 100100000}
  m_GameObject: {fileID: 1334799390934896}
  m_LocalRotation: {x: -0, y: -0, z: 0.0000000033178362, w: 1}
  m_LocalPosition: {x: 0.06459988, y: -0.00000013144745, z: -0.000000028871}
  m_LocalScale: {x: 1, y: 1, z: 1}
  m_Children:
  - {fileID: 4749450639368102}
  m_Father: {fileID: 4917004462037748}
  m_RootOrder: 0
  m_LocalEulerAnglesHint: {x: 0, y: 0, z: 0}
--- !u!4 &4810589703852706
Transform:
  m_ObjectHideFlags: 1
  m_CorrespondingSourceObject: {fileID: 0}
  m_PrefabInternal: {fileID: 100100000}
  m_GameObject: {fileID: 1620815025941618}
  m_LocalRotation: {x: 0.0062662214, y: -0.08401711, z: -0.07411185, w: 0.99368477}
  m_LocalPosition: {x: 0.0067394287, y: 0.008105087, z: 0.01892845}
  m_LocalScale: {x: 1, y: 1, z: 1}
  m_Children:
  - {fileID: 4430001208194086}
  m_Father: {fileID: 4583850078235816}
  m_RootOrder: 0
  m_LocalEulerAnglesHint: {x: 0, y: 0, z: 0}
--- !u!4 &4829346364255254
Transform:
  m_ObjectHideFlags: 1
  m_CorrespondingSourceObject: {fileID: 0}
  m_PrefabInternal: {fileID: 100100000}
  m_GameObject: {fileID: 1392290113659678}
  m_LocalRotation: {x: -0, y: -0, z: -0, w: 1}
  m_LocalPosition: {x: -0.018110052, y: 0.000000011108405, z: -0.000000005355105}
  m_LocalScale: {x: 0.99999815, y: 1, z: 1}
  m_Children:
  - {fileID: 4501550969359088}
  m_Father: {fileID: 4116444230616702}
  m_RootOrder: 0
  m_LocalEulerAnglesHint: {x: 0, y: 0, z: 0}
--- !u!4 &4833815011450340
Transform:
  m_ObjectHideFlags: 1
  m_CorrespondingSourceObject: {fileID: 0}
  m_PrefabInternal: {fileID: 100100000}
  m_GameObject: {fileID: 1030577016337634}
  m_LocalRotation: {x: -0, y: -0, z: -0, w: 1}
  m_LocalPosition: {x: 0, y: 0, z: 0}
  m_LocalScale: {x: 1, y: 1, z: 1}
  m_Children: []
  m_Father: {fileID: 4281233369558874}
  m_RootOrder: 0
  m_LocalEulerAnglesHint: {x: 0, y: 0, z: 0}
--- !u!4 &4844748640340538
Transform:
  m_ObjectHideFlags: 1
  m_CorrespondingSourceObject: {fileID: 0}
  m_PrefabInternal: {fileID: 100100000}
  m_GameObject: {fileID: 1882421347082768}
  m_LocalRotation: {x: -0, y: -0, z: -0, w: 1}
  m_LocalPosition: {x: 0.02237998, y: 0.00000015758981, z: 0.000000025058398}
  m_LocalScale: {x: 1.0000004, y: 1, z: 1}
  m_Children:
  - {fileID: 4403758647992850}
  m_Father: {fileID: 4504936299513372}
  m_RootOrder: 0
  m_LocalEulerAnglesHint: {x: 0, y: 0, z: 0}
--- !u!4 &4851125747748836
Transform:
  m_ObjectHideFlags: 1
  m_CorrespondingSourceObject: {fileID: 0}
  m_PrefabInternal: {fileID: 100100000}
  m_GameObject: {fileID: 1429627740075658}
  m_LocalRotation: {x: -0, y: -0, z: -0, w: 1}
  m_LocalPosition: {x: -0.022379823, y: -0.0000001333172, z: -0.000000014464604}
  m_LocalScale: {x: 0.99999845, y: 1, z: 1}
  m_Children:
  - {fileID: 4468776787700956}
  m_Father: {fileID: 4145497412030458}
  m_RootOrder: 0
  m_LocalEulerAnglesHint: {x: 0, y: 0, z: 0}
--- !u!4 &4858631971687952
Transform:
  m_ObjectHideFlags: 1
  m_CorrespondingSourceObject: {fileID: 0}
  m_PrefabInternal: {fileID: 100100000}
  m_GameObject: {fileID: 1505304808492516}
  m_LocalRotation: {x: -1.110223e-16, y: 1.540744e-33, z: -1.3877788e-17, w: 1}
  m_LocalPosition: {x: 0.025885692, y: 0.00000006434546, z: 0.000000037022396}
  m_LocalScale: {x: 1, y: 1, z: 1}
  m_Children: []
  m_Father: {fileID: 4297043067341382}
  m_RootOrder: 0
  m_LocalEulerAnglesHint: {x: 0, y: 0, z: 0}
--- !u!4 &4872364095943944
Transform:
  m_ObjectHideFlags: 1
  m_CorrespondingSourceObject: {fileID: 0}
  m_PrefabInternal: {fileID: 100100000}
  m_GameObject: {fileID: 1286893454942078}
  m_LocalRotation: {x: 0, y: -0, z: -0, w: 1}
  m_LocalPosition: {x: -0, y: 0, z: 0}
  m_LocalScale: {x: 1, y: 1, z: 1}
  m_Children: []
  m_Father: {fileID: 4313391212663554}
  m_RootOrder: 1
  m_LocalEulerAnglesHint: {x: 0, y: 0, z: 0}
--- !u!4 &4901462448910580
Transform:
  m_ObjectHideFlags: 1
  m_CorrespondingSourceObject: {fileID: 0}
  m_PrefabInternal: {fileID: 100100000}
  m_GameObject: {fileID: 1553866588957476}
  m_LocalRotation: {x: -0, y: -0, z: -0, w: 1}
  m_LocalPosition: {x: 0, y: -0.3, z: 0.3}
  m_LocalScale: {x: 1, y: 1, z: 1}
  m_Children: []
  m_Father: {fileID: 4519093488025556}
  m_RootOrder: 0
  m_LocalEulerAnglesHint: {x: 0, y: 0, z: 0}
--- !u!4 &4907350069874814
Transform:
  m_ObjectHideFlags: 1
  m_CorrespondingSourceObject: {fileID: 0}
  m_PrefabInternal: {fileID: 100100000}
  m_GameObject: {fileID: 1795918524821212}
  m_LocalRotation: {x: -0, y: -0, z: -0, w: 1}
  m_LocalPosition: {x: 0, y: 0, z: 0}
  m_LocalScale: {x: 1, y: 1, z: 1}
  m_Children: []
  m_Father: {fileID: 4281233369558874}
  m_RootOrder: 1
  m_LocalEulerAnglesHint: {x: 0, y: 0, z: 0}
--- !u!4 &4917004462037748
Transform:
  m_ObjectHideFlags: 1
  m_CorrespondingSourceObject: {fileID: 0}
  m_PrefabInternal: {fileID: 100100000}
  m_GameObject: {fileID: 1696493936683666}
  m_LocalRotation: {x: -0.07399495, y: -0.009242225, z: -0.075277895, w: 0.9943705}
  m_LocalPosition: {x: 0.009395366, y: 0.009582917, z: 0.007939855}
  m_LocalScale: {x: 1, y: 1, z: 1}
  m_Children:
  - {fileID: 4795500641306270}
  m_Father: {fileID: 4583850078235816}
  m_RootOrder: 1
  m_LocalEulerAnglesHint: {x: 0, y: 0, z: 0}
--- !u!4 &4922718403915528
Transform:
  m_ObjectHideFlags: 1
  m_CorrespondingSourceObject: {fileID: 0}
  m_PrefabInternal: {fileID: 100100000}
  m_GameObject: {fileID: 1405296660897370}
  m_LocalRotation: {x: -0.17725913, y: 0.13843817, z: -0.029145654, w: 0.9739429}
  m_LocalPosition: {x: -0.008187786, y: -0.0016830778, z: 0.0143559445}
  m_LocalScale: {x: 1, y: 1, z: 1}
  m_Children:
  - {fileID: 4125955733719282}
  m_Father: {fileID: 4437174285762938}
  m_RootOrder: 2
  m_LocalEulerAnglesHint: {x: 0, y: 0, z: 0}
--- !u!4 &4941053615960546
Transform:
  m_ObjectHideFlags: 1
  m_CorrespondingSourceObject: {fileID: 0}
  m_PrefabInternal: {fileID: 100100000}
  m_GameObject: {fileID: 1973647278611346}
  m_LocalRotation: {x: -1.9428903e-16, y: 1.7347235e-16, z: -1.3877788e-17, w: 1}
  m_LocalPosition: {x: 0.030591402, y: -0.000000005796997, z: -0.00000008704517}
  m_LocalScale: {x: 1, y: 1, z: 1}
  m_Children: []
  m_Father: {fileID: 4649066600017460}
  m_RootOrder: 0
  m_LocalEulerAnglesHint: {x: 0, y: 0, z: 0}
--- !u!4 &4954212048631780
Transform:
  m_ObjectHideFlags: 1
  m_CorrespondingSourceObject: {fileID: 0}
  m_PrefabInternal: {fileID: 100100000}
  m_GameObject: {fileID: 1003868825697638}
  m_LocalRotation: {x: -0.10489071, y: 0.06845522, z: -0.067679286, w: 0.9898138}
  m_LocalPosition: {x: -0.010354047, y: -0.008603675, z: 0.003352621}
  m_LocalScale: {x: 1, y: 1, z: 1}
  m_Children:
  - {fileID: 4361213304306174}
  m_Father: {fileID: 4437174285762938}
  m_RootOrder: 3
  m_LocalEulerAnglesHint: {x: 0, y: 0, z: 0}
--- !u!4 &4963259083322678
Transform:
  m_ObjectHideFlags: 1
  m_CorrespondingSourceObject: {fileID: 0}
  m_PrefabInternal: {fileID: 100100000}
  m_GameObject: {fileID: 1715952487929230}
  m_LocalRotation: {x: 2.0296265e-16, y: -2.1163626e-16, z: 1.3877788e-16, w: 1}
  m_LocalPosition: {x: -0.02472195, y: -1.2434498e-16, z: 2.825691e-16}
  m_LocalScale: {x: 1, y: 1, z: 1}
  m_Children: []
  m_Father: {fileID: 4597727484802434}
  m_RootOrder: 0
  m_LocalEulerAnglesHint: {x: 0, y: 0, z: 0}
--- !u!95 &95336298420599780
Animator:
  serializedVersion: 3
  m_ObjectHideFlags: 1
  m_CorrespondingSourceObject: {fileID: 0}
  m_PrefabInternal: {fileID: 100100000}
  m_GameObject: {fileID: 1852616172145234}
  m_Enabled: 1
  m_Avatar: {fileID: 9000000, guid: 5413bab15c3dd4a4085a9fe254a17e96, type: 3}
  m_Controller: {fileID: 0}
  m_CullingMode: 1
  m_UpdateMode: 0
  m_ApplyRootMotion: 0
  m_LinearVelocityBlending: 0
  m_WarningMessage: 
  m_HasTransformHierarchy: 1
  m_AllowConstantClipSamplingOptimization: 1
  m_KeepAnimatorControllerStateOnDisable: 0
--- !u!95 &95383057332260648
Animator:
  serializedVersion: 3
  m_ObjectHideFlags: 1
  m_CorrespondingSourceObject: {fileID: 0}
  m_PrefabInternal: {fileID: 100100000}
  m_GameObject: {fileID: 1882601744043476}
  m_Enabled: 1
  m_Avatar: {fileID: 9000000, guid: ce6112dd14179d448958c91c5b4e8de2, type: 3}
  m_Controller: {fileID: 0}
  m_CullingMode: 1
  m_UpdateMode: 0
  m_ApplyRootMotion: 0
  m_LinearVelocityBlending: 0
  m_WarningMessage: 
  m_HasTransformHierarchy: 1
  m_AllowConstantClipSamplingOptimization: 1
  m_KeepAnimatorControllerStateOnDisable: 0
--- !u!114 &114032144796024010
MonoBehaviour:
  m_ObjectHideFlags: 1
  m_CorrespondingSourceObject: {fileID: 0}
  m_PrefabInternal: {fileID: 100100000}
  m_GameObject: {fileID: 1003868825697638}
  m_Enabled: 1
  m_EditorHideFlags: 0
  m_Script: {fileID: 11500000, guid: 26ef1796ac5a44944bd1f1345855a535, type: 3}
  m_Name: 
  m_EditorClassIdentifier: 
  fingerType: 3
  bones:
  - {fileID: 4954212048631780}
  - {fileID: 4361213304306174}
  - {fileID: 4530374190175038}
  - {fileID: 4175106774703000}
  joints:
  - {fileID: 0}
  - {fileID: 0}
  - {fileID: 0}
  deformPosition: 1
  scaleLastFingerBone: 1
  modelFingerPointing: {x: -1, y: 0, z: 0}
  modelPalmFacing: {x: 0, y: 1, z: 0}
--- !u!114 &114038466206506766
MonoBehaviour:
  m_ObjectHideFlags: 1
  m_CorrespondingSourceObject: {fileID: 0}
  m_PrefabInternal: {fileID: 100100000}
  m_GameObject: {fileID: 1696493936683666}
  m_Enabled: 1
  m_EditorHideFlags: 0
  m_Script: {fileID: 11500000, guid: 26ef1796ac5a44944bd1f1345855a535, type: 3}
  m_Name: 
  m_EditorClassIdentifier: 
  fingerType: 2
  bones:
  - {fileID: 4917004462037748}
  - {fileID: 4795500641306270}
  - {fileID: 4749450639368102}
  - {fileID: 4717550941591350}
  joints:
  - {fileID: 0}
  - {fileID: 0}
  - {fileID: 0}
  deformPosition: 1
  scaleLastFingerBone: 1
  modelFingerPointing: {x: 1, y: 0, z: 0}
  modelPalmFacing: {x: 0, y: -1, z: 0}
--- !u!114 &114052630356260858
MonoBehaviour:
  m_ObjectHideFlags: 1
  m_CorrespondingSourceObject: {fileID: 0}
  m_PrefabInternal: {fileID: 100100000}
  m_GameObject: {fileID: 1620815025941618}
  m_Enabled: 1
  m_EditorHideFlags: 0
  m_Script: {fileID: 11500000, guid: 26ef1796ac5a44944bd1f1345855a535, type: 3}
  m_Name: 
  m_EditorClassIdentifier: 
  fingerType: 1
  bones:
  - {fileID: 4810589703852706}
  - {fileID: 4430001208194086}
  - {fileID: 4504936299513372}
  - {fileID: 4844748640340538}
  joints:
  - {fileID: 0}
  - {fileID: 0}
  - {fileID: 0}
  deformPosition: 1
  scaleLastFingerBone: 1
  modelFingerPointing: {x: 1, y: 0, z: 0}
  modelPalmFacing: {x: 0, y: -1, z: 0}
--- !u!114 &114062383899045876
MonoBehaviour:
  m_ObjectHideFlags: 1
  m_CorrespondingSourceObject: {fileID: 0}
  m_PrefabInternal: {fileID: 100100000}
  m_GameObject: {fileID: 1396424012925102}
  m_Enabled: 1
  m_EditorHideFlags: 0
  m_Script: {fileID: 11500000, guid: 26ef1796ac5a44944bd1f1345855a535, type: 3}
  m_Name: 
  m_EditorClassIdentifier: 
  fingerType: 0
  bones:
  - {fileID: 0}
  - {fileID: 4521945194571038}
  - {fileID: 4751317672792374}
  - {fileID: 4649066600017460}
  joints:
  - {fileID: 0}
  - {fileID: 0}
  - {fileID: 0}
  deformPosition: 1
  scaleLastFingerBone: 1
  modelFingerPointing: {x: 1, y: 0, z: 0}
  modelPalmFacing: {x: 0, y: -1, z: 0}
--- !u!114 &114078401815946874
MonoBehaviour:
  m_ObjectHideFlags: 1
  m_CorrespondingSourceObject: {fileID: 0}
  m_PrefabInternal: {fileID: 100100000}
  m_GameObject: {fileID: 1143716455204198}
  m_Enabled: 1
  m_EditorHideFlags: 0
  m_Script: {fileID: 11500000, guid: 26ef1796ac5a44944bd1f1345855a535, type: 3}
  m_Name: 
  m_EditorClassIdentifier: 
  fingerType: 0
  bones:
  - {fileID: 0}
  - {fileID: 4478929117101364}
  - {fileID: 4680660518275174}
  - {fileID: 4764462919380872}
  joints:
  - {fileID: 0}
  - {fileID: 0}
  - {fileID: 0}
  deformPosition: 1
  scaleLastFingerBone: 1
  modelFingerPointing: {x: -1, y: 0, z: 0}
  modelPalmFacing: {x: 0, y: 1, z: 0}
--- !u!114 &114290967732152606
MonoBehaviour:
  m_ObjectHideFlags: 1
  m_CorrespondingSourceObject: {fileID: 0}
  m_PrefabInternal: {fileID: 100100000}
  m_GameObject: {fileID: 1882601744043476}
  m_Enabled: 1
  m_EditorHideFlags: 0
  m_Script: {fileID: 11500000, guid: 8bcd03e00992e084c8be61565d44b8bd, type: 3}
  m_Name: 
  m_EditorClassIdentifier: 
--- !u!114 &114303974249596608
MonoBehaviour:
  m_ObjectHideFlags: 1
  m_CorrespondingSourceObject: {fileID: 0}
  m_PrefabInternal: {fileID: 100100000}
  m_GameObject: {fileID: 1852616172145234}
  m_Enabled: 1
  m_EditorHideFlags: 0
  m_Script: {fileID: 11500000, guid: 8bcd03e00992e084c8be61565d44b8bd, type: 3}
  m_Name: 
  m_EditorClassIdentifier: 
--- !u!114 &114365258437251068
MonoBehaviour:
  m_ObjectHideFlags: 1
  m_CorrespondingSourceObject: {fileID: 0}
  m_PrefabInternal: {fileID: 100100000}
  m_GameObject: {fileID: 1553866588957476}
  m_Enabled: 1
  m_EditorHideFlags: 0
  m_Script: {fileID: 11500000, guid: 025cc0fa7b46aa541aba29d28d35ac09, type: 3}
  m_Name: 
  m_EditorClassIdentifier: 
  editTimePose: 2
  _frameOptimization: 0
  _physicsExtrapolation: 1
  _physicsExtrapolationTime: 0.011111111
  _workerThreadProfiling: 0
--- !u!114 &114372058267222400
MonoBehaviour:
  m_ObjectHideFlags: 1
  m_CorrespondingSourceObject: {fileID: 0}
  m_PrefabInternal: {fileID: 100100000}
  m_GameObject: {fileID: 1795918524821212}
  m_Enabled: 1
  m_EditorHideFlags: 0
  m_Script: {fileID: 11500000, guid: 29207d17cdd06e84d9fecbdef2401c1c, type: 3}
  m_Name: 
  m_EditorClassIdentifier: 
  manager: {fileID: 114621643944031624}
  _hoverEnabled: 1
  _contactEnabled: 1
  _graspingEnabled: 1
  _leapProvider: {fileID: 114365258437251068}
  _handDataMode: 1
  enabledPrimaryHoverFingertips: 0101010000
--- !u!114 &114392311882481916
MonoBehaviour:
  m_ObjectHideFlags: 1
  m_CorrespondingSourceObject: {fileID: 0}
  m_PrefabInternal: {fileID: 100100000}
  m_GameObject: {fileID: 1042146039614272}
  m_Enabled: 1
  m_EditorHideFlags: 0
  m_Script: {fileID: 11500000, guid: 26ef1796ac5a44944bd1f1345855a535, type: 3}
  m_Name: 
  m_EditorClassIdentifier: 
  fingerType: 4
  bones:
  - {fileID: 4672606805793742}
  - {fileID: 4608205454858864}
  - {fileID: 4337732799689660}
  - {fileID: 4284684768600614}
  joints:
  - {fileID: 0}
  - {fileID: 0}
  - {fileID: 0}
  deformPosition: 1
  scaleLastFingerBone: 1
  modelFingerPointing: {x: 1, y: 0, z: 0}
  modelPalmFacing: {x: 0, y: -1, z: 0}
--- !u!114 &114412583265412146
MonoBehaviour:
  m_ObjectHideFlags: 1
  m_CorrespondingSourceObject: {fileID: 0}
  m_PrefabInternal: {fileID: 100100000}
  m_GameObject: {fileID: 1882601744043476}
  m_Enabled: 1
  m_EditorHideFlags: 0
  m_Script: {fileID: 11500000, guid: 9e0ed5922e911b343b8400997c95409c, type: 3}
  m_Name: 
  m_EditorClassIdentifier: 
  handedness: 1
  handModelPalmWidth: 0.085
  fingers:
  - {fileID: 114062383899045876}
  - {fileID: 114052630356260858}
  - {fileID: 114038466206506766}
  - {fileID: 114997005964463276}
  - {fileID: 114392311882481916}
  palm: {fileID: 4583850078235816}
  forearm: {fileID: 0}
  wristJoint: {fileID: 0}
  elbowJoint: {fileID: 0}
  setEditorLeapPose: 1
  DeformPositionsInFingers: 1
  deformPositionsState: 1
  ModelPalmAtLeapWrist: 1
  UseMetaCarpals: 1
  _scaleLastFingerBones: 1
  modelFingerPointing: {x: 1, y: -0, z: -0}
  modelPalmFacing: {x: 0, y: -1, z: 0}
  jointList:
  - {fileID: 4106720817320630}
  - {fileID: 4583850078235816}
  - {fileID: 4810589703852706}
  - {fileID: 4430001208194086}
  - {fileID: 4504936299513372}
  - {fileID: 4844748640340538}
  - {fileID: 4403758647992850}
  - {fileID: 4917004462037748}
  - {fileID: 4795500641306270}
  - {fileID: 4749450639368102}
  - {fileID: 4717550941591350}
  - {fileID: 4552198274912278}
  - {fileID: 4672606805793742}
  - {fileID: 4608205454858864}
  - {fileID: 4337732799689660}
  - {fileID: 4284684768600614}
  - {fileID: 4452221658711254}
  - {fileID: 4172228367604432}
  - {fileID: 4696113574727178}
  - {fileID: 4329862234868706}
  - {fileID: 4297043067341382}
  - {fileID: 4858631971687952}
  - {fileID: 4521945194571038}
  - {fileID: 4751317672792374}
  - {fileID: 4649066600017460}
  - {fileID: 4941053615960546}
  localRotations:
  - {x: 0.4977095, y: 0.50228006, z: 0.49589676, w: 0.50406986}
  - {x: 0, y: -0, z: -0, w: 1}
  - {x: 0.10754198, y: -0.031637553, z: 0.08276375, w: 0.9902444}
  - {x: -0.04487388, y: -0.119713835, z: 0.04483306, w: 0.99078}
  - {x: 0.000000010319762, y: -0.0000000021271616, z: -0.20188096, w: 0.97941005}
  - {x: -0.000000010506874, y: -7.9242285e-10, z: -0.07520581, w: 0.99716806}
  - {x: 9.3030555e-17, y: -1.4224731e-16, z: 2.1525058e-16, w: 1}
  - {x: -0.035462942, y: 0.007937858, z: 0.091303945, w: 0.9951598}
  - {x: 0.016002512, y: -0.038733326, z: 0.021207346, w: 0.99889636}
  - {x: -5.371847e-18, y: -2.0943489e-16, z: -0.2073153, w: 0.97827417}
  - {x: -4.7069803e-17, y: -4.6223197e-17, z: -0.11128728, w: 0.9937883}
  - {x: -1.8478053e-16, y: -9.627715e-17, z: -8.3266806e-17, w: 1}
  - {x: -0.1996676, y: 0.10705131, z: 0.11393784, w: 0.96731126}
  - {x: 0.092213385, y: 0.16728784, z: -0.1494874, w: 0.9701366}
  - {x: 0.040547144, y: -0.00428027, z: -0.1048922, w: 0.99364746}
  - {x: 0.000000010528597, y: -4.134713e-10, z: -0.039241016, w: 0.9992298}
  - {x: -4.1633357e-17, y: -9.714451e-17, z: 5.5511148e-17, w: 1}
  - {x: -0.09141364, y: 0.05103847, z: 0.090037785, w: 0.99042004}
  - {x: -0.07221604, y: 0.06562602, z: 0.00090079673, w: 0.9952273}
  - {x: 0.0070797587, y: 0.018410495, z: -0.16384228, w: 0.9862893}
  - {x: 8.6130835e-18, y: 0.0042817127, z: -0.040737774, w: 0.9991607}
  - {x: -1.110223e-16, y: 1.540744e-33, z: -1.3877788e-17, w: 1}
  - {x: 0.46161968, y: -0.3720943, z: 0.23481092, w: 0.7702707}
  - {x: -0.0384368, y: 0.044253808, z: -0.22624254, w: 0.9723058}
  - {x: 0.034848735, y: -0.0018816116, z: 0.053882305, w: 0.99793726}
  - {x: -1.9428903e-16, y: 1.7347235e-16, z: -1.3877788e-17, w: 1}
  localPositions:
  - {x: -8.809142e-21, y: 0, z: -5.746268e-20}
  - {x: 0.00025736846, y: 0.00000008078675, z: -0.000000017024586}
  - {x: 0.03682844, y: 0.002915505, z: 0.020597419}
  - {x: 0.05138284, y: -0.000000016459364, z: -0.000000043869978}
  - {x: 0.043599334, y: 0.00000005201142, z: 0.00000008053684}
  - {x: 0.025075406, y: -0.00000002283788, z: 0.00000006661587}
  - {x: 0.02219061, y: -0.000000032179198, z: 0.00000007035985}
  - {x: 0.039049804, y: 0.0069651315, z: 0.0053231246}
  - {x: 0.05063979, y: 0.00000003215076, z: 0.000000002228193}
  - {x: 0.047556747, y: -0.00000012520536, z: -0.000000024002683}
  - {x: 0.028179044, y: -0.00000016403041, z: 0.000000036966387}
  - {x: 0.024722464, y: 0.00000026004926, z: -0.000000024034629}
  - {x: 0.028314695, y: -0.002308183, z: -0.020780439}
  - {x: 0.05656691, y: -0.0023471792, z: 0.0002817372}
  - {x: 0.03348421, y: -0.000000041193655, z: -0.00000010058782}
  - {x: 0.017802726, y: 0.00000012667081, z: 0.00000016374055}
  - {x: 0.020943858, y: -0.00000012451969, z: -0.00000021604923}
  - {x: 0.036958013, y: 0.004993195, z: -0.008898322}
  - {x: 0.051863294, y: 0.000019334873, z: 0.000054505486}
  - {x: 0.041799355, y: -0.000000028915375, z: -0.00000009136059}
  - {x: 0.025819698, y: 0.000000050825133, z: 0.00000012080521}
  - {x: 0.025885692, y: 0.00000006434546, z: 0.000000037022396}
  - {x: 0.009358694, y: -0.007590316, z: 0.020769957}
  - {x: 0.054747183, y: -0.0110294875, z: -0.0058002416}
  - {x: 0.027678946, y: 0.000000028804266, z: 0.0000000623105}
  - {x: 0.030591402, y: -0.000000005796997, z: -0.00000008704517}
--- !u!114 &114461427236168220
MonoBehaviour:
  m_ObjectHideFlags: 1
  m_CorrespondingSourceObject: {fileID: 0}
  m_PrefabInternal: {fileID: 100100000}
  m_GameObject: {fileID: 1405296660897370}
  m_Enabled: 1
  m_EditorHideFlags: 0
  m_Script: {fileID: 11500000, guid: 26ef1796ac5a44944bd1f1345855a535, type: 3}
  m_Name: 
  m_EditorClassIdentifier: 
  fingerType: 4
  bones:
  - {fileID: 4922718403915528}
  - {fileID: 4125955733719282}
  - {fileID: 4116444230616702}
  - {fileID: 4829346364255254}
  joints:
  - {fileID: 0}
  - {fileID: 0}
  - {fileID: 0}
  deformPosition: 1
  scaleLastFingerBone: 1
  modelFingerPointing: {x: -1, y: 0, z: 0}
  modelPalmFacing: {x: 0, y: 1, z: 0}
--- !u!114 &114560491043133128
MonoBehaviour:
  m_ObjectHideFlags: 1
  m_CorrespondingSourceObject: {fileID: 0}
  m_PrefabInternal: {fileID: 100100000}
  m_GameObject: {fileID: 1030577016337634}
  m_Enabled: 1
  m_EditorHideFlags: 0
  m_Script: {fileID: 11500000, guid: 29207d17cdd06e84d9fecbdef2401c1c, type: 3}
  m_Name: 
  m_EditorClassIdentifier: 
  manager: {fileID: 114621643944031624}
  _hoverEnabled: 1
  _contactEnabled: 1
  _graspingEnabled: 1
  _leapProvider: {fileID: 114365258437251068}
  _handDataMode: 0
  enabledPrimaryHoverFingertips: 0101010000
--- !u!114 &114621643944031624
MonoBehaviour:
  m_ObjectHideFlags: 1
  m_CorrespondingSourceObject: {fileID: 0}
  m_PrefabInternal: {fileID: 100100000}
  m_GameObject: {fileID: 1012340609914816}
  m_Enabled: 1
  m_EditorHideFlags: 0
  m_Script: {fileID: 11500000, guid: 0625e574c0d47a241b7dfc7a8c67ca2b, type: 3}
  m_Name: 
  m_EditorClassIdentifier: 
  _interactionControllers:
    _values:
    - {fileID: 114560491043133128}
    - {fileID: 114372058267222400}
  hoverActivationRadius: 0.2
  touchActivationRadius: 0.075
  _autoGenerateLayers: 1
  _templateLayer:
    layerIndex: 0
  _interactionLayer:
    layerIndex: 8
  _interactionNoContactLayer:
    layerIndex: 9
  _contactBoneLayer:
    layerIndex: 10
  _drawControllerRuntimeGizmos: 0
--- !u!114 &114720543295566506
MonoBehaviour:
  m_ObjectHideFlags: 1
  m_CorrespondingSourceObject: {fileID: 0}
  m_PrefabInternal: {fileID: 100100000}
  m_GameObject: {fileID: 1852616172145234}
  m_Enabled: 1
  m_EditorHideFlags: 0
  m_Script: {fileID: 11500000, guid: 9e0ed5922e911b343b8400997c95409c, type: 3}
  m_Name: 
  m_EditorClassIdentifier: 
  handedness: 0
  handModelPalmWidth: 0.085
  fingers:
  - {fileID: 114078401815946874}
  - {fileID: 114868657780836206}
  - {fileID: 114755366711972980}
  - {fileID: 114032144796024010}
  - {fileID: 114461427236168220}
  palm: {fileID: 4437174285762938}
  forearm: {fileID: 0}
  wristJoint: {fileID: 0}
  elbowJoint: {fileID: 0}
  setEditorLeapPose: 1
  DeformPositionsInFingers: 1
  deformPositionsState: 1
  ModelPalmAtLeapWrist: 1
  UseMetaCarpals: 1
  _scaleLastFingerBones: 1
  modelFingerPointing: {x: -1, y: -0, z: -0}
  modelPalmFacing: {x: 0, y: 1, z: 0}
  jointList:
  - {fileID: 4530429016639184}
  - {fileID: 4437174285762938}
  - {fileID: 4224747902506786}
  - {fileID: 4175509767283446}
  - {fileID: 4145497412030458}
  - {fileID: 4851125747748836}
  - {fileID: 4468776787700956}
  - {fileID: 4166240888461536}
  - {fileID: 4027385609407484}
  - {fileID: 4459771535948134}
  - {fileID: 4597727484802434}
  - {fileID: 4963259083322678}
  - {fileID: 4922718403915528}
  - {fileID: 4125955733719282}
  - {fileID: 4116444230616702}
  - {fileID: 4829346364255254}
  - {fileID: 4501550969359088}
  - {fileID: 4954212048631780}
  - {fileID: 4361213304306174}
  - {fileID: 4530374190175038}
  - {fileID: 4175106774703000}
  - {fileID: 4014519353879470}
  - {fileID: 4478929117101364}
  - {fileID: 4680660518275174}
  - {fileID: 4764462919380872}
  - {fileID: 4457070916224524}
  localRotations:
  - {x: 0.50406986, y: -0.49589676, z: 0.50228006, w: -0.4977095}
  - {x: 1.124308e-16, y: -1.1110294e-16, z: 5.637851e-17, w: 1}
  - {x: 0.10754198, y: -0.031637553, z: 0.08276375, w: 0.9902444}
  - {x: -0.04487388, y: -0.119713835, z: 0.04483306, w: 0.99078}
  - {x: 2.1593979e-16, y: -1.8974836e-16, z: -0.20188096, w: 0.97941005}
  - {x: 3.5823514e-16, y: -4.7893678e-17, z: -0.07520581, w: 0.99716806}
  - {x: 6.938894e-17, y: 1.0408341e-17, z: -2.7755576e-17, w: 1}
  - {x: -0.035462942, y: 0.007937858, z: 0.091303945, w: 0.9951598}
  - {x: 0.016002512, y: -0.038733326, z: 0.021207346, w: 0.99889636}
  - {x: 1.9786768e-16, y: -1.5408998e-16, z: -0.2073153, w: 0.97827417}
  - {x: 1.08830664e-16, y: -8.811931e-17, z: -0.11128728, w: 0.9937883}
  - {x: 2.0296265e-16, y: -2.1163626e-16, z: 1.3877788e-16, w: 1}
  - {x: -0.1996676, y: 0.10705131, z: 0.11393784, w: 0.96731126}
  - {x: 0.092213385, y: 0.16728784, z: -0.1494874, w: 0.9701366}
  - {x: 0.040547144, y: -0.00428027, z: -0.1048922, w: 0.99364746}
  - {x: 5.1111768e-17, y: -1.1311511e-16, z: -0.039241016, w: 0.9992298}
  - {x: 1.3877788e-16, y: -1.0408341e-16, z: 1.110223e-16, w: 1}
  - {x: -0.09141364, y: 0.05103847, z: 0.090037785, w: 0.99042004}
  - {x: -0.07221604, y: 0.06562602, z: 0.00090079673, w: 0.9952273}
  - {x: 0.0070797587, y: 0.018410495, z: -0.16384228, w: 0.9862893}
  - {x: 2.0659193e-16, y: 0.0042817127, z: -0.040737774, w: 0.9991607}
  - {x: 1.110223e-16, y: -1.179612e-16, z: 1.3096324e-32, w: 1}
  - {x: 0.46161968, y: -0.3720943, z: 0.23481092, w: 0.7702707}
  - {x: -0.0384368, y: 0.044253808, z: -0.22624254, w: 0.9723058}
  - {x: 0.034848735, y: -0.0018816116, z: 0.053882305, w: 0.99793726}
  - {x: 2.7755576e-17, y: -5.551115e-17, z: 1.2490009e-16, w: 1}
  localPositions:
  - {x: -8.809142e-21, y: 0, z: -5.746271e-20}
  - {x: -0.00025736864, y: -0.0000000807853, z: 0.000000017025284}
  - {x: -0.03682846, y: -0.0029155049, z: -0.020597415}
  - {x: -0.0513828, y: -6.328271e-17, z: 2.4424906e-17}
  - {x: -0.043599553, y: -8.548717e-17, z: -7.4745766e-16}
  - {x: -0.02507541, y: -6.750156e-16, z: 9.675594e-16}
  - {x: -0.022190845, y: 2.6645352e-17, z: -1.2212453e-17}
  - {x: -0.039049804, y: -0.0069651315, z: -0.0053231237}
  - {x: -0.050639767, y: -9.714451e-18, z: -5.2180482e-17}
  - {x: -0.04755634, y: 9.7699626e-17, z: -9.395262e-17}
  - {x: -0.028179731, y: -8.881784e-18, z: 3.0472153e-16}
  - {x: -0.02472195, y: -1.2434498e-16, z: 2.825691e-16}
  - {x: -0.028314658, y: 0.002308187, z: 0.020780398}
  - {x: -0.05656692, y: 0.0023471746, z: -0.00028174042}
  - {x: -0.033484507, y: -1.2878587e-16, z: 1.5765166e-16}
  - {x: -0.017802488, y: 0, z: 2.4868996e-16}
  - {x: -0.020944072, y: -2.5757173e-16, z: -1.0769163e-16}
  - {x: -0.036958046, y: -0.0049931905, z: 0.008898321}
  - {x: -0.05186322, y: -0.000019321207, z: -0.000054490076}
  - {x: -0.04179948, y: -1.9706458e-17, z: -6.328271e-17}
  - {x: -0.025819503, y: 4.4408918e-17, z: 2.5535128e-17}
  - {x: -0.02588541, y: -4.4408918e-17, z: -3.330669e-17}
  - {x: -0.009358701, y: 0.007590318, z: -0.020770004}
  - {x: -0.05474715, y: 0.01102949, z: 0.005800249}
  - {x: -0.027678918, y: -3.5527135e-16, z: -1.1324275e-16}
  - {x: -0.030591473, y: 9.992007e-17, z: 4.440892e-18}
--- !u!114 &114755366711972980
MonoBehaviour:
  m_ObjectHideFlags: 1
  m_CorrespondingSourceObject: {fileID: 0}
  m_PrefabInternal: {fileID: 100100000}
  m_GameObject: {fileID: 1834398281170396}
  m_Enabled: 1
  m_EditorHideFlags: 0
  m_Script: {fileID: 11500000, guid: 26ef1796ac5a44944bd1f1345855a535, type: 3}
  m_Name: 
  m_EditorClassIdentifier: 
  fingerType: 2
  bones:
  - {fileID: 4166240888461536}
  - {fileID: 4027385609407484}
  - {fileID: 4459771535948134}
  - {fileID: 4597727484802434}
  joints:
  - {fileID: 0}
  - {fileID: 0}
  - {fileID: 0}
  deformPosition: 1
  scaleLastFingerBone: 1
  modelFingerPointing: {x: -1, y: 0, z: 0}
  modelPalmFacing: {x: 0, y: 1, z: 0}
--- !u!114 &114866134540080674
MonoBehaviour:
  m_ObjectHideFlags: 1
  m_CorrespondingSourceObject: {fileID: 0}
  m_PrefabInternal: {fileID: 100100000}
  m_GameObject: {fileID: 1263786319424336}
  m_Enabled: 1
  m_EditorHideFlags: 0
  m_Script: {fileID: 11500000, guid: c592f16851a620743868a31232613370, type: 3}
  m_Name: 
  m_EditorClassIdentifier: 
  _leapProvider: {fileID: 114365258437251068}
  ModelPool:
  - GroupName: Rigged Hands
    _handModelManager: {fileID: 0}
    LeftModel: {fileID: 114720543295566506}
    IsLeftToBeSpawned: 0
    RightModel: {fileID: 114412583265412146}
    IsRightToBeSpawned: 0
    IsEnabled: 1
    CanDuplicate: 0
--- !u!114 &114868657780836206
MonoBehaviour:
  m_ObjectHideFlags: 1
  m_CorrespondingSourceObject: {fileID: 0}
  m_PrefabInternal: {fileID: 100100000}
  m_GameObject: {fileID: 1049373255317766}
  m_Enabled: 1
  m_EditorHideFlags: 0
  m_Script: {fileID: 11500000, guid: 26ef1796ac5a44944bd1f1345855a535, type: 3}
  m_Name: 
  m_EditorClassIdentifier: 
  fingerType: 1
  bones:
  - {fileID: 4224747902506786}
  - {fileID: 4175509767283446}
  - {fileID: 4145497412030458}
  - {fileID: 4851125747748836}
  joints:
  - {fileID: 0}
  - {fileID: 0}
  - {fileID: 0}
  deformPosition: 1
  scaleLastFingerBone: 1
  modelFingerPointing: {x: -1, y: 0, z: 0}
  modelPalmFacing: {x: 0, y: 1, z: 0}
--- !u!114 &114997005964463276
MonoBehaviour:
  m_ObjectHideFlags: 1
  m_CorrespondingSourceObject: {fileID: 0}
  m_PrefabInternal: {fileID: 100100000}
  m_GameObject: {fileID: 1506056334144380}
  m_Enabled: 1
  m_EditorHideFlags: 0
  m_Script: {fileID: 11500000, guid: 26ef1796ac5a44944bd1f1345855a535, type: 3}
  m_Name: 
  m_EditorClassIdentifier: 
  fingerType: 3
  bones:
  - {fileID: 4172228367604432}
  - {fileID: 4696113574727178}
  - {fileID: 4329862234868706}
  - {fileID: 4297043067341382}
  joints:
  - {fileID: 0}
  - {fileID: 0}
  - {fileID: 0}
  deformPosition: 1
  scaleLastFingerBone: 1
  modelFingerPointing: {x: 1, y: 0, z: 0}
  modelPalmFacing: {x: 0, y: -1, z: 0}
--- !u!137 &137104580726945582
SkinnedMeshRenderer:
  m_ObjectHideFlags: 1
  m_CorrespondingSourceObject: {fileID: 0}
  m_PrefabInternal: {fileID: 100100000}
  m_GameObject: {fileID: 1286893454942078}
  m_Enabled: 1
  m_CastShadows: 1
  m_ReceiveShadows: 1
  m_DynamicOccludee: 1
  m_MotionVectors: 1
  m_LightProbeUsage: 1
  m_ReflectionProbeUsage: 1
  m_RenderingLayerMask: 4294967295
  m_Materials:
  - {fileID: 2100000, guid: 83278e7188ea55a498165e1b85cde644, type: 2}
  m_StaticBatchInfo:
    firstSubMesh: 0
    subMeshCount: 0
  m_StaticBatchRoot: {fileID: 0}
  m_ProbeAnchor: {fileID: 0}
  m_LightProbeVolumeOverride: {fileID: 0}
  m_ScaleInLightmap: 1
  m_PreserveUVs: 0
  m_IgnoreNormalsForChartDetection: 0
  m_ImportantGI: 0
  m_StitchLightmapSeams: 0
  m_SelectedEditorRenderState: 3
  m_MinimumChartSize: 4
  m_AutoUVMaxDistance: 0.5
  m_AutoUVMaxAngle: 89
  m_LightmapParameters: {fileID: 0}
  m_SortingLayerID: 0
  m_SortingLayer: 0
  m_SortingOrder: 0
  serializedVersion: 2
  m_Quality: 4
  m_UpdateWhenOffscreen: 1
  m_SkinnedMotionVectors: 1
  m_Mesh: {fileID: 4300000, guid: 5413bab15c3dd4a4085a9fe254a17e96, type: 3}
  m_Bones:
  - {fileID: 4437174285762938}
  - {fileID: 4478929117101364}
  - {fileID: 4680660518275174}
  - {fileID: 4764462919380872}
  - {fileID: 4457070916224524}
  - {fileID: 4224747902506786}
  - {fileID: 4175509767283446}
  - {fileID: 4145497412030458}
  - {fileID: 4851125747748836}
  - {fileID: 4468776787700956}
  - {fileID: 4166240888461536}
  - {fileID: 4027385609407484}
  - {fileID: 4459771535948134}
  - {fileID: 4597727484802434}
  - {fileID: 4963259083322678}
  - {fileID: 4954212048631780}
  - {fileID: 4361213304306174}
  - {fileID: 4530374190175038}
  - {fileID: 4175106774703000}
  - {fileID: 4014519353879470}
  - {fileID: 4922718403915528}
  - {fileID: 4125955733719282}
  - {fileID: 4116444230616702}
  - {fileID: 4829346364255254}
  - {fileID: 4501550969359088}
  m_BlendShapeWeights: []
  m_RootBone: {fileID: 4437174285762938}
  m_AABB:
    m_Center: {x: -0.08243872, y: -0.0018077325, z: -0.008441988}
    m_Extent: {x: 0.105598256, y: 0.044362344, z: 0.08608113}
  m_DirtyAABB: 0
--- !u!137 &137470889636103066
SkinnedMeshRenderer:
  m_ObjectHideFlags: 1
  m_CorrespondingSourceObject: {fileID: 0}
  m_PrefabInternal: {fileID: 100100000}
  m_GameObject: {fileID: 1085979198380808}
  m_Enabled: 1
  m_CastShadows: 1
  m_ReceiveShadows: 1
  m_DynamicOccludee: 1
  m_MotionVectors: 1
  m_LightProbeUsage: 1
  m_ReflectionProbeUsage: 1
  m_RenderingLayerMask: 4294967295
  m_Materials:
  - {fileID: 2100000, guid: 6abeee8e66f6d66499ebfabe3071781b, type: 2}
  m_StaticBatchInfo:
    firstSubMesh: 0
    subMeshCount: 0
  m_StaticBatchRoot: {fileID: 0}
  m_ProbeAnchor: {fileID: 0}
  m_LightProbeVolumeOverride: {fileID: 0}
  m_ScaleInLightmap: 1
  m_PreserveUVs: 0
  m_IgnoreNormalsForChartDetection: 0
  m_ImportantGI: 0
  m_StitchLightmapSeams: 0
  m_SelectedEditorRenderState: 3
  m_MinimumChartSize: 4
  m_AutoUVMaxDistance: 0.5
  m_AutoUVMaxAngle: 89
  m_LightmapParameters: {fileID: 0}
  m_SortingLayerID: 0
  m_SortingLayer: 0
  m_SortingOrder: 0
  serializedVersion: 2
  m_Quality: 4
  m_UpdateWhenOffscreen: 1
  m_SkinnedMotionVectors: 1
  m_Mesh: {fileID: 4300000, guid: ce6112dd14179d448958c91c5b4e8de2, type: 3}
  m_Bones:
  - {fileID: 4583850078235816}
  - {fileID: 4521945194571038}
  - {fileID: 4751317672792374}
  - {fileID: 4649066600017460}
  - {fileID: 4941053615960546}
  - {fileID: 4810589703852706}
  - {fileID: 4430001208194086}
  - {fileID: 4504936299513372}
  - {fileID: 4844748640340538}
  - {fileID: 4403758647992850}
  - {fileID: 4917004462037748}
  - {fileID: 4795500641306270}
  - {fileID: 4749450639368102}
  - {fileID: 4717550941591350}
  - {fileID: 4552198274912278}
  - {fileID: 4172228367604432}
  - {fileID: 4696113574727178}
  - {fileID: 4329862234868706}
  - {fileID: 4297043067341382}
  - {fileID: 4858631971687952}
  - {fileID: 4672606805793742}
  - {fileID: 4608205454858864}
  - {fileID: 4337732799689660}
  - {fileID: 4284684768600614}
  - {fileID: 4452221658711254}
  m_BlendShapeWeights: []
  m_RootBone: {fileID: 4583850078235816}
  m_AABB:
    m_Center: {x: 0.08243869, y: 0.0018077325, z: 0.008441988}
    m_Extent: {x: 0.10559821, y: 0.044362344, z: 0.08608115}
  m_DirtyAABB: 0
