%YAML 1.1
%TAG !u! tag:unity3d.com,2011:
--- !u!29 &1
OcclusionCullingSettings:
  m_ObjectHideFlags: 0
  serializedVersion: 2
  m_OcclusionBakeSettings:
    smallestOccluder: 5
    smallestHole: 0.25
    backfaceThreshold: 100
  m_SceneGUID: 00000000000000000000000000000000
  m_OcclusionCullingData: {fileID: 0}
--- !u!104 &2
RenderSettings:
  m_ObjectHideFlags: 0
  serializedVersion: 9
  m_Fog: 0
  m_FogColor: {r: 0.5, g: 0.5, b: 0.5, a: 1}
  m_FogMode: 3
  m_FogDensity: 0.01
  m_LinearFogStart: 0
  m_LinearFogEnd: 300
  m_AmbientSkyColor: {r: 0.212, g: 0.227, b: 0.259, a: 1}
  m_AmbientEquatorColor: {r: 0.114, g: 0.125, b: 0.133, a: 1}
  m_AmbientGroundColor: {r: 0.047, g: 0.043, b: 0.035, a: 1}
  m_AmbientIntensity: 1
  m_AmbientMode: 0
  m_SubtractiveShadowColor: {r: 0.42, g: 0.478, b: 0.627, a: 1}
  m_SkyboxMaterial: {fileID: 10304, guid: 0000000000000000f000000000000000, type: 0}
  m_HaloStrength: 0.5
  m_FlareStrength: 1
  m_FlareFadeSpeed: 3
  m_HaloTexture: {fileID: 0}
  m_SpotCookie: {fileID: 10001, guid: 0000000000000000e000000000000000, type: 0}
  m_DefaultReflectionMode: 0
  m_DefaultReflectionResolution: 128
  m_ReflectionBounces: 1
  m_ReflectionIntensity: 1
  m_CustomReflection: {fileID: 0}
  m_Sun: {fileID: 0}
  m_IndirectSpecularColor: {r: 0.44657844, g: 0.49641222, b: 0.57481694, a: 1}
  m_UseRadianceAmbientProbe: 0
--- !u!157 &3
LightmapSettings:
  m_ObjectHideFlags: 0
  serializedVersion: 11
  m_GIWorkflowMode: 0
  m_GISettings:
    serializedVersion: 2
    m_BounceScale: 1
    m_IndirectOutputScale: 1
    m_AlbedoBoost: 1
    m_TemporalCoherenceThreshold: 1
    m_EnvironmentLightingMode: 0
    m_EnableBakedLightmaps: 1
    m_EnableRealtimeLightmaps: 1
  m_LightmapEditorSettings:
    serializedVersion: 10
    m_Resolution: 2
    m_BakeResolution: 40
    m_AtlasSize: 1024
    m_AO: 0
    m_AOMaxDistance: 1
    m_CompAOExponent: 0
    m_CompAOExponentDirect: 0
    m_Padding: 2
    m_LightmapParameters: {fileID: 0}
    m_LightmapsBakeMode: 1
    m_TextureCompression: 1
    m_FinalGather: 0
    m_FinalGatherFiltering: 1
    m_FinalGatherRayCount: 1024
    m_ReflectionCompression: 2
    m_MixedBakeMode: 1
    m_BakeBackend: 0
    m_PVRSampling: 1
    m_PVRDirectSampleCount: 32
    m_PVRSampleCount: 500
    m_PVRBounces: 2
    m_PVRFilterTypeDirect: 0
    m_PVRFilterTypeIndirect: 0
    m_PVRFilterTypeAO: 0
    m_PVRFilteringMode: 0
    m_PVRCulling: 1
    m_PVRFilteringGaussRadiusDirect: 1
    m_PVRFilteringGaussRadiusIndirect: 5
    m_PVRFilteringGaussRadiusAO: 2
    m_PVRFilteringAtrousPositionSigmaDirect: 0.5
    m_PVRFilteringAtrousPositionSigmaIndirect: 2
    m_PVRFilteringAtrousPositionSigmaAO: 1
    m_ShowResolutionOverlay: 1
  m_LightingDataAsset: {fileID: 0}
  m_UseShadowmask: 0
--- !u!196 &4
NavMeshSettings:
  serializedVersion: 2
  m_ObjectHideFlags: 0
  m_BuildSettings:
    serializedVersion: 2
    agentTypeID: 0
    agentRadius: 0.5
    agentHeight: 2
    agentSlope: 45
    agentClimb: 0.4
    ledgeDropHeight: 0
    maxJumpAcrossDistance: 0
    minRegionArea: 2
    manualCellSize: 0
    cellSize: 0.16666667
    manualTileSize: 0
    tileSize: 256
    accuratePlacement: 0
    debug:
      m_Flags: 0
  m_NavMeshData: {fileID: 0}
--- !u!1 &58688759
GameObject:
  m_ObjectHideFlags: 0
  m_CorrespondingSourceObject: {fileID: 1492423929302688, guid: b765f0033afcf97499e39815434229cc,
    type: 2}
  m_PrefabInternal: {fileID: 0}
  serializedVersion: 6
  m_Component:
  - component: {fileID: 58688760}
  - component: {fileID: 58688763}
  - component: {fileID: 58688762}
  - component: {fileID: 58688761}
  m_Layer: 0
  m_Name: Button Cube
  m_TagString: Untagged
  m_Icon: {fileID: 0}
  m_NavMeshLayer: 0
  m_StaticEditorFlags: 0
  m_IsActive: 1
--- !u!4 &58688760
Transform:
  m_ObjectHideFlags: 0
  m_CorrespondingSourceObject: {fileID: 4941436115589302, guid: b765f0033afcf97499e39815434229cc,
    type: 2}
  m_PrefabInternal: {fileID: 0}
  m_GameObject: {fileID: 58688759}
  m_LocalRotation: {x: 0, y: 0, z: 0, w: 1}
  m_LocalPosition: {x: 0, y: 0, z: 0}
  m_LocalScale: {x: 0.032584533, y: 0.032584537, z: 0.009123394}
  m_Children:
  - {fileID: 560195761}
  m_Father: {fileID: 1194196761}
  m_RootOrder: 0
  m_LocalEulerAnglesHint: {x: 0, y: 0, z: 0}
--- !u!23 &58688761
MeshRenderer:
  m_ObjectHideFlags: 0
  m_CorrespondingSourceObject: {fileID: 23160881777734320, guid: b765f0033afcf97499e39815434229cc,
    type: 2}
  m_PrefabInternal: {fileID: 0}
  m_GameObject: {fileID: 58688759}
  m_Enabled: 1
  m_CastShadows: 1
  m_ReceiveShadows: 1
  m_DynamicOccludee: 1
  m_MotionVectors: 1
  m_LightProbeUsage: 1
  m_ReflectionProbeUsage: 1
  m_RenderingLayerMask: 4294967295
  m_Materials:
  - {fileID: 2100000, guid: cb707237b19198f4bbc0381c5c11da15, type: 2}
  m_StaticBatchInfo:
    firstSubMesh: 0
    subMeshCount: 0
  m_StaticBatchRoot: {fileID: 0}
  m_ProbeAnchor: {fileID: 0}
  m_LightProbeVolumeOverride: {fileID: 0}
  m_ScaleInLightmap: 1
  m_PreserveUVs: 1
  m_IgnoreNormalsForChartDetection: 0
  m_ImportantGI: 0
  m_StitchLightmapSeams: 0
  m_SelectedEditorRenderState: 3
  m_MinimumChartSize: 4
  m_AutoUVMaxDistance: 0.5
  m_AutoUVMaxAngle: 89
  m_LightmapParameters: {fileID: 0}
  m_SortingLayerID: 0
  m_SortingLayer: 0
  m_SortingOrder: 0
--- !u!65 &58688762
BoxCollider:
  m_ObjectHideFlags: 0
  m_CorrespondingSourceObject: {fileID: 65230610299866684, guid: b765f0033afcf97499e39815434229cc,
    type: 2}
  m_PrefabInternal: {fileID: 0}
  m_GameObject: {fileID: 58688759}
  m_Material: {fileID: 0}
  m_IsTrigger: 0
  m_Enabled: 1
  serializedVersion: 2
  m_Size: {x: 1, y: 1, z: 1}
  m_Center: {x: 0, y: 0, z: 0}
--- !u!33 &58688763
MeshFilter:
  m_ObjectHideFlags: 0
  m_CorrespondingSourceObject: {fileID: 33764649423046396, guid: b765f0033afcf97499e39815434229cc,
    type: 2}
  m_PrefabInternal: {fileID: 0}
  m_GameObject: {fileID: 58688759}
  m_Mesh: {fileID: 10202, guid: 0000000000000000e000000000000000, type: 0}
--- !u!1 &97142308
GameObject:
  m_ObjectHideFlags: 0
  m_CorrespondingSourceObject: {fileID: 0}
  m_PrefabInternal: {fileID: 0}
  serializedVersion: 6
  m_Component:
  - component: {fileID: 97142310}
  - component: {fileID: 97142309}
  m_Layer: 0
  m_Name: Interaction Hand (Right)
  m_TagString: Untagged
  m_Icon: {fileID: 0}
  m_NavMeshLayer: 0
  m_StaticEditorFlags: 0
  m_IsActive: 1
--- !u!114 &97142309
MonoBehaviour:
  m_ObjectHideFlags: 0
  m_CorrespondingSourceObject: {fileID: 0}
  m_PrefabInternal: {fileID: 0}
  m_GameObject: {fileID: 97142308}
  m_Enabled: 1
  m_EditorHideFlags: 0
  m_Script: {fileID: 11500000, guid: 29207d17cdd06e84d9fecbdef2401c1c, type: 3}
  m_Name: 
  m_EditorClassIdentifier: 
  manager: {fileID: 1639364569}
  _hoverEnabled: 1
  _contactEnabled: 1
  _graspingEnabled: 1
  _leapProvider: {fileID: 1929664769}
  _handDataMode: 1
  enabledPrimaryHoverFingertips: 0101010000
--- !u!4 &97142310
Transform:
  m_ObjectHideFlags: 0
  m_CorrespondingSourceObject: {fileID: 0}
  m_PrefabInternal: {fileID: 0}
  m_GameObject: {fileID: 97142308}
  m_LocalRotation: {x: -0, y: -0, z: -0, w: 1}
  m_LocalPosition: {x: 0, y: 0, z: 0}
  m_LocalScale: {x: 1, y: 1, z: 1}
  m_Children: []
  m_Father: {fileID: 1639364570}
  m_RootOrder: 1
  m_LocalEulerAnglesHint: {x: 0, y: 0, z: 0}
--- !u!4 &150349561 stripped
Transform:
  m_CorrespondingSourceObject: {fileID: 4493201980653798, guid: df84af96020c94b4695aec5c3427db16,
    type: 2}
  m_PrefabInternal: {fileID: 1330726676}
--- !u!4 &154015859 stripped
Transform:
  m_CorrespondingSourceObject: {fileID: 4493201980653798, guid: df84af96020c94b4695aec5c3427db16,
    type: 2}
  m_PrefabInternal: {fileID: 1584315929}
--- !u!1 &235016489
GameObject:
  m_ObjectHideFlags: 0
  m_CorrespondingSourceObject: {fileID: 0}
  m_PrefabInternal: {fileID: 0}
  serializedVersion: 6
  m_Component:
  - component: {fileID: 235016491}
  - component: {fileID: 235016490}
  m_Layer: 0
  m_Name: Interaction Hand (Left)
  m_TagString: Untagged
  m_Icon: {fileID: 0}
  m_NavMeshLayer: 0
  m_StaticEditorFlags: 0
  m_IsActive: 1
--- !u!114 &235016490
MonoBehaviour:
  m_ObjectHideFlags: 0
  m_CorrespondingSourceObject: {fileID: 0}
  m_PrefabInternal: {fileID: 0}
  m_GameObject: {fileID: 235016489}
  m_Enabled: 1
  m_EditorHideFlags: 0
  m_Script: {fileID: 11500000, guid: 29207d17cdd06e84d9fecbdef2401c1c, type: 3}
  m_Name: 
  m_EditorClassIdentifier: 
  manager: {fileID: 1639364569}
  _hoverEnabled: 1
  _contactEnabled: 1
  _graspingEnabled: 1
  _leapProvider: {fileID: 1929664769}
  _handDataMode: 0
  enabledPrimaryHoverFingertips: 0101010000
--- !u!4 &235016491
Transform:
  m_ObjectHideFlags: 0
  m_CorrespondingSourceObject: {fileID: 0}
  m_PrefabInternal: {fileID: 0}
  m_GameObject: {fileID: 235016489}
  m_LocalRotation: {x: -0, y: -0, z: -0, w: 1}
  m_LocalPosition: {x: 0, y: 0, z: 0}
  m_LocalScale: {x: 1, y: 1, z: 1}
  m_Children: []
  m_Father: {fileID: 1639364570}
  m_RootOrder: 0
  m_LocalEulerAnglesHint: {x: 0, y: 0, z: 0}
--- !u!4 &243434157 stripped
Transform:
  m_CorrespondingSourceObject: {fileID: 4493201980653798, guid: df84af96020c94b4695aec5c3427db16,
    type: 2}
  m_PrefabInternal: {fileID: 1507097754}
--- !u!1001 &320940790
Prefab:
  m_ObjectHideFlags: 0
  serializedVersion: 2
  m_Modification:
    m_TransformParent: {fileID: 0}
    m_Modifications:
    - target: {fileID: 11406336, guid: b9c7aaf0d314cb847a3b2a20e893f1b6, type: 2}
      propertyPath: ModelCollection.Array.size
      value: 2
      objectReference: {fileID: 0}
    - target: {fileID: 432918, guid: b9c7aaf0d314cb847a3b2a20e893f1b6, type: 2}
      propertyPath: m_LocalPosition.x
      value: 0
      objectReference: {fileID: 0}
    - target: {fileID: 432918, guid: b9c7aaf0d314cb847a3b2a20e893f1b6, type: 2}
      propertyPath: m_LocalPosition.y
      value: -0.3
      objectReference: {fileID: 0}
    - target: {fileID: 432918, guid: b9c7aaf0d314cb847a3b2a20e893f1b6, type: 2}
      propertyPath: m_LocalPosition.z
      value: 0.3
      objectReference: {fileID: 0}
    - target: {fileID: 432918, guid: b9c7aaf0d314cb847a3b2a20e893f1b6, type: 2}
      propertyPath: m_LocalRotation.x
      value: -0
      objectReference: {fileID: 0}
    - target: {fileID: 432918, guid: b9c7aaf0d314cb847a3b2a20e893f1b6, type: 2}
      propertyPath: m_LocalRotation.y
      value: -0
      objectReference: {fileID: 0}
    - target: {fileID: 432918, guid: b9c7aaf0d314cb847a3b2a20e893f1b6, type: 2}
      propertyPath: m_LocalRotation.z
      value: -0
      objectReference: {fileID: 0}
    - target: {fileID: 432918, guid: b9c7aaf0d314cb847a3b2a20e893f1b6, type: 2}
      propertyPath: m_LocalRotation.w
      value: 1
      objectReference: {fileID: 0}
    - target: {fileID: 432918, guid: b9c7aaf0d314cb847a3b2a20e893f1b6, type: 2}
      propertyPath: m_RootOrder
      value: 2
      objectReference: {fileID: 0}
    - target: {fileID: 11406336, guid: b9c7aaf0d314cb847a3b2a20e893f1b6, type: 2}
      propertyPath: LeftGraphicsModel
      value: 
      objectReference: {fileID: 0}
    - target: {fileID: 11406336, guid: b9c7aaf0d314cb847a3b2a20e893f1b6, type: 2}
      propertyPath: RightGraphicsModel
      value: 
      objectReference: {fileID: 0}
    - target: {fileID: 11406336, guid: b9c7aaf0d314cb847a3b2a20e893f1b6, type: 2}
      propertyPath: LeftPhysicsModel
      value: 
      objectReference: {fileID: 0}
    - target: {fileID: 11406336, guid: b9c7aaf0d314cb847a3b2a20e893f1b6, type: 2}
      propertyPath: RightPhysicsModel
      value: 
      objectReference: {fileID: 0}
    - target: {fileID: 11406336, guid: b9c7aaf0d314cb847a3b2a20e893f1b6, type: 2}
      propertyPath: ModelCollection.Array.data[0]
      value: 
      objectReference: {fileID: 0}
    - target: {fileID: 11406336, guid: b9c7aaf0d314cb847a3b2a20e893f1b6, type: 2}
      propertyPath: ModelCollection.Array.data[1]
      value: 
      objectReference: {fileID: 0}
    - target: {fileID: 11406336, guid: b9c7aaf0d314cb847a3b2a20e893f1b6, type: 2}
      propertyPath: ModelCollection.Array.data[2]
      value: 
      objectReference: {fileID: 0}
    - target: {fileID: 11406336, guid: b9c7aaf0d314cb847a3b2a20e893f1b6, type: 2}
      propertyPath: ModelCollection.Array.data[3]
      value: 
      objectReference: {fileID: 0}
    - target: {fileID: 11406336, guid: b9c7aaf0d314cb847a3b2a20e893f1b6, type: 2}
      propertyPath: ModelCollection.Array.data[0].LeftModel
      value: 
      objectReference: {fileID: 0}
    - target: {fileID: 11406336, guid: b9c7aaf0d314cb847a3b2a20e893f1b6, type: 2}
      propertyPath: ModelCollection.Array.data[0].RightModel
      value: 
      objectReference: {fileID: 0}
    - target: {fileID: 11406336, guid: b9c7aaf0d314cb847a3b2a20e893f1b6, type: 2}
      propertyPath: ModelCollection.Array.data[1].LeftModel
      value: 
      objectReference: {fileID: 0}
    - target: {fileID: 11406336, guid: b9c7aaf0d314cb847a3b2a20e893f1b6, type: 2}
      propertyPath: ModelCollection.Array.data[1].RightModel
      value: 
      objectReference: {fileID: 0}
    - target: {fileID: 11435192, guid: b9c7aaf0d314cb847a3b2a20e893f1b6, type: 2}
      propertyPath: _overrideDeviceType
      value: 1
      objectReference: {fileID: 0}
    - target: {fileID: 11406336, guid: b9c7aaf0d314cb847a3b2a20e893f1b6, type: 2}
      propertyPath: ModelCollection.Array.data[0].PairName
      value: Graphics_Hands
      objectReference: {fileID: 0}
    - target: {fileID: 11406336, guid: b9c7aaf0d314cb847a3b2a20e893f1b6, type: 2}
      propertyPath: ModelCollection.Array.data[0].IsEnabled
      value: 1
      objectReference: {fileID: 0}
    - target: {fileID: 11406336, guid: b9c7aaf0d314cb847a3b2a20e893f1b6, type: 2}
      propertyPath: ModelCollection.Array.data[1].PairName
      value: Physics_Hands
      objectReference: {fileID: 0}
    - target: {fileID: 11406336, guid: b9c7aaf0d314cb847a3b2a20e893f1b6, type: 2}
      propertyPath: ModelCollection.Array.data[1].IsEnabled
      value: 1
      objectReference: {fileID: 0}
    - target: {fileID: 11435192, guid: b9c7aaf0d314cb847a3b2a20e893f1b6, type: 2}
      propertyPath: editTimePose
      value: 2
      objectReference: {fileID: 0}
    - target: {fileID: 166326, guid: b9c7aaf0d314cb847a3b2a20e893f1b6, type: 2}
      propertyPath: m_Name
      value: Leap Motion Controller
      objectReference: {fileID: 0}
    m_RemovedComponents:
    - {fileID: 11406336, guid: b9c7aaf0d314cb847a3b2a20e893f1b6, type: 2}
    - {fileID: 11471522, guid: b9c7aaf0d314cb847a3b2a20e893f1b6, type: 2}
  m_SourcePrefab: {fileID: 100100000, guid: b9c7aaf0d314cb847a3b2a20e893f1b6, type: 2}
  m_IsPrefabAsset: 0
--- !u!1 &336098620
GameObject:
  m_ObjectHideFlags: 0
  m_CorrespondingSourceObject: {fileID: 0}
  m_PrefabInternal: {fileID: 0}
  serializedVersion: 6
  m_Component:
  - component: {fileID: 336098623}
  - component: {fileID: 336098622}
  - component: {fileID: 336098621}
  m_Layer: 0
  m_Name: Cube UI Panel
  m_TagString: Untagged
  m_Icon: {fileID: 0}
  m_NavMeshLayer: 0
  m_StaticEditorFlags: 0
  m_IsActive: 0
--- !u!114 &336098621
MonoBehaviour:
  m_ObjectHideFlags: 0
  m_CorrespondingSourceObject: {fileID: 0}
  m_PrefabInternal: {fileID: 0}
  m_GameObject: {fileID: 336098620}
  m_Enabled: 1
  m_EditorHideFlags: 0
  m_Script: {fileID: 11500000, guid: 63f706a66d7747347b05af75d89b00e3, type: 3}
  m_Name: 
  m_EditorClassIdentifier: 
--- !u!114 &336098622
MonoBehaviour:
  m_ObjectHideFlags: 0
  m_CorrespondingSourceObject: {fileID: 0}
  m_PrefabInternal: {fileID: 0}
  m_GameObject: {fileID: 336098620}
  m_Enabled: 1
  m_EditorHideFlags: 0
  m_Script: {fileID: 11500000, guid: e933f13d48c681d48b14750922ac906d, type: 3}
  m_Name: 
  m_EditorClassIdentifier: 
  _comment: "We use the Ignore Collisions In Children script to prevent UI elements
    from colliding with each other, which is commonly desired when building an interface.\r\n\r\nIn
    your application, we recommend using layers instead of this script, especially
    if your UI consists of more than just a few objects. Layers will achieve the same
    results with a significant performance boost over the Physics.IgnoreCollision()
    method utilized by this script."
  _isEditing: 0
--- !u!4 &336098623
Transform:
  m_ObjectHideFlags: 0
  m_CorrespondingSourceObject: {fileID: 0}
  m_PrefabInternal: {fileID: 0}
  m_GameObject: {fileID: 336098620}
  m_LocalRotation: {x: 0.22260779, y: -0, z: -0, w: 0.9749081}
  m_LocalPosition: {x: 0, y: 0, z: 0.41}
  m_LocalScale: {x: 1, y: 1, z: 1}
  m_Children:
  - {fileID: 554123407}
  - {fileID: 854421643}
  - {fileID: 1687445338}
  - {fileID: 540520829}
  m_Father: {fileID: 0}
  m_RootOrder: 5
  m_LocalEulerAnglesHint: {x: 25.724, y: 0, z: 0}
--- !u!1001 &477690195
Prefab:
  m_ObjectHideFlags: 0
  serializedVersion: 2
  m_Modification:
    m_TransformParent: {fileID: 854421643}
    m_Modifications:
    - target: {fileID: 4493201980653798, guid: df84af96020c94b4695aec5c3427db16, type: 2}
      propertyPath: m_LocalPosition.x
      value: -0.06999999
      objectReference: {fileID: 0}
    - target: {fileID: 4493201980653798, guid: df84af96020c94b4695aec5c3427db16, type: 2}
      propertyPath: m_LocalPosition.y
      value: 0
      objectReference: {fileID: 0}
    - target: {fileID: 4493201980653798, guid: df84af96020c94b4695aec5c3427db16, type: 2}
      propertyPath: m_LocalPosition.z
      value: 0
      objectReference: {fileID: 0}
    - target: {fileID: 4493201980653798, guid: df84af96020c94b4695aec5c3427db16, type: 2}
      propertyPath: m_LocalRotation.x
      value: -0
      objectReference: {fileID: 0}
    - target: {fileID: 4493201980653798, guid: df84af96020c94b4695aec5c3427db16, type: 2}
      propertyPath: m_LocalRotation.y
      value: -0
      objectReference: {fileID: 0}
    - target: {fileID: 4493201980653798, guid: df84af96020c94b4695aec5c3427db16, type: 2}
      propertyPath: m_LocalRotation.z
      value: -0
      objectReference: {fileID: 0}
    - target: {fileID: 4493201980653798, guid: df84af96020c94b4695aec5c3427db16, type: 2}
      propertyPath: m_LocalRotation.w
      value: 1
      objectReference: {fileID: 0}
    - target: {fileID: 4493201980653798, guid: df84af96020c94b4695aec5c3427db16, type: 2}
      propertyPath: m_RootOrder
      value: 3
      objectReference: {fileID: 0}
    - target: {fileID: 1329088948137194, guid: df84af96020c94b4695aec5c3427db16, type: 2}
      propertyPath: m_Name
      value: Cube UI Button (3)
      objectReference: {fileID: 0}
    - target: {fileID: 114193398573130750, guid: df84af96020c94b4695aec5c3427db16,
        type: 2}
      propertyPath: _manager
      value: 
      objectReference: {fileID: 1639364569}
    - target: {fileID: 54104857292544158, guid: df84af96020c94b4695aec5c3427db16,
        type: 2}
      propertyPath: m_Interpolate
      value: 0
      objectReference: {fileID: 0}
    - target: {fileID: 54104857292544158, guid: df84af96020c94b4695aec5c3427db16,
        type: 2}
      propertyPath: m_CollisionDetection
      value: 2
      objectReference: {fileID: 0}
    m_RemovedComponents: []
  m_SourcePrefab: {fileID: 100100000, guid: df84af96020c94b4695aec5c3427db16, type: 2}
  m_IsPrefabAsset: 0
--- !u!1 &540520828
GameObject:
  m_ObjectHideFlags: 0
  m_CorrespondingSourceObject: {fileID: 0}
  m_PrefabInternal: {fileID: 0}
  serializedVersion: 6
  m_Component:
  - component: {fileID: 540520829}
  m_Layer: 0
  m_Name: Cube UI Slider Panel
  m_TagString: Untagged
  m_Icon: {fileID: 0}
  m_NavMeshLayer: 0
  m_StaticEditorFlags: 0
  m_IsActive: 1
--- !u!224 &540520829
RectTransform:
  m_ObjectHideFlags: 0
  m_CorrespondingSourceObject: {fileID: 0}
  m_PrefabInternal: {fileID: 0}
  m_GameObject: {fileID: 540520828}
  m_LocalRotation: {x: -0, y: -0, z: -0, w: 1}
  m_LocalPosition: {x: 0, y: 0, z: -0.012}
  m_LocalScale: {x: 1, y: 1, z: 1}
  m_Children:
  - {fileID: 742200702}
  - {fileID: 2068528830}
  m_Father: {fileID: 336098623}
  m_RootOrder: 3
  m_LocalEulerAnglesHint: {x: 0, y: 0, z: 0}
  m_AnchorMin: {x: 0.5, y: 0.5}
  m_AnchorMax: {x: 0.5, y: 0.5}
  m_AnchoredPosition: {x: 0, y: -0.1}
  m_SizeDelta: {x: 0.45, y: 0.045}
  m_Pivot: {x: 0.5, y: 0.5}
--- !u!1 &554123406
GameObject:
  m_ObjectHideFlags: 0
  m_CorrespondingSourceObject: {fileID: 0}
  m_PrefabInternal: {fileID: 0}
  serializedVersion: 6
  m_Component:
  - component: {fileID: 554123407}
  - component: {fileID: 554123409}
  - component: {fileID: 554123408}
  m_Layer: 0
  m_Name: Panel Cube
  m_TagString: Untagged
  m_Icon: {fileID: 0}
  m_NavMeshLayer: 0
  m_StaticEditorFlags: 0
  m_IsActive: 1
--- !u!4 &554123407
Transform:
  m_ObjectHideFlags: 0
  m_CorrespondingSourceObject: {fileID: 0}
  m_PrefabInternal: {fileID: 0}
  m_GameObject: {fileID: 554123406}
  m_LocalRotation: {x: -0, y: -0, z: -0, w: 1}
  m_LocalPosition: {x: 0, y: 0, z: 0}
  m_LocalScale: {x: 0.5, y: 0.3, z: 0.025}
  m_Children: []
  m_Father: {fileID: 336098623}
  m_RootOrder: 0
  m_LocalEulerAnglesHint: {x: 25.724, y: 0, z: 0}
--- !u!23 &554123408
MeshRenderer:
  m_ObjectHideFlags: 0
  m_CorrespondingSourceObject: {fileID: 0}
  m_PrefabInternal: {fileID: 0}
  m_GameObject: {fileID: 554123406}
  m_Enabled: 1
  m_CastShadows: 1
  m_ReceiveShadows: 1
  m_DynamicOccludee: 1
  m_MotionVectors: 1
  m_LightProbeUsage: 1
  m_ReflectionProbeUsage: 1
  m_RenderingLayerMask: 4294967295
  m_Materials:
  - {fileID: 2100000, guid: 95c889baf756fd84ba2f1ab36adf3687, type: 2}
  m_StaticBatchInfo:
    firstSubMesh: 0
    subMeshCount: 0
  m_StaticBatchRoot: {fileID: 0}
  m_ProbeAnchor: {fileID: 0}
  m_LightProbeVolumeOverride: {fileID: 0}
  m_ScaleInLightmap: 1
  m_PreserveUVs: 1
  m_IgnoreNormalsForChartDetection: 0
  m_ImportantGI: 0
  m_StitchLightmapSeams: 0
  m_SelectedEditorRenderState: 3
  m_MinimumChartSize: 4
  m_AutoUVMaxDistance: 0.5
  m_AutoUVMaxAngle: 89
  m_LightmapParameters: {fileID: 0}
  m_SortingLayerID: 0
  m_SortingLayer: 0
  m_SortingOrder: 0
--- !u!33 &554123409
MeshFilter:
  m_ObjectHideFlags: 0
  m_CorrespondingSourceObject: {fileID: 0}
  m_PrefabInternal: {fileID: 0}
  m_GameObject: {fileID: 554123406}
  m_Mesh: {fileID: 10202, guid: 0000000000000000e000000000000000, type: 0}
--- !u!1 &560195760
GameObject:
  m_ObjectHideFlags: 0
  m_CorrespondingSourceObject: {fileID: 1289182906296320, guid: b765f0033afcf97499e39815434229cc,
    type: 2}
  m_PrefabInternal: {fileID: 0}
  serializedVersion: 6
  m_Component:
  - component: {fileID: 560195761}
  - component: {fileID: 560195764}
  - component: {fileID: 560195763}
  - component: {fileID: 560195762}
  m_Layer: 0
  m_Name: Cube
  m_TagString: Untagged
  m_Icon: {fileID: 0}
  m_NavMeshLayer: 0
  m_StaticEditorFlags: 0
  m_IsActive: 1
--- !u!4 &560195761
Transform:
  m_ObjectHideFlags: 0
  m_CorrespondingSourceObject: {fileID: 4430604971778808, guid: b765f0033afcf97499e39815434229cc,
    type: 2}
  m_PrefabInternal: {fileID: 0}
  m_GameObject: {fileID: 560195760}
  m_LocalRotation: {x: -0, y: -0, z: -0, w: 1}
  m_LocalPosition: {x: 0, y: 0, z: -0.54000133}
  m_LocalScale: {x: 0.8688044, y: 0.85198337, z: 0.085400455}
  m_Children: []
  m_Father: {fileID: 58688760}
  m_RootOrder: 0
  m_LocalEulerAnglesHint: {x: 0, y: 0, z: 0}
--- !u!23 &560195762
MeshRenderer:
  m_ObjectHideFlags: 0
  m_CorrespondingSourceObject: {fileID: 23239918359452888, guid: b765f0033afcf97499e39815434229cc,
    type: 2}
  m_PrefabInternal: {fileID: 0}
  m_GameObject: {fileID: 560195760}
  m_Enabled: 1
  m_CastShadows: 1
  m_ReceiveShadows: 1
  m_DynamicOccludee: 1
  m_MotionVectors: 1
  m_LightProbeUsage: 1
  m_ReflectionProbeUsage: 1
  m_RenderingLayerMask: 4294967295
  m_Materials:
  - {fileID: 2100000, guid: ae962c51f2146e4439603b2865982593, type: 2}
  m_StaticBatchInfo:
    firstSubMesh: 0
    subMeshCount: 0
  m_StaticBatchRoot: {fileID: 0}
  m_ProbeAnchor: {fileID: 0}
  m_LightProbeVolumeOverride: {fileID: 0}
  m_ScaleInLightmap: 1
  m_PreserveUVs: 1
  m_IgnoreNormalsForChartDetection: 0
  m_ImportantGI: 0
  m_StitchLightmapSeams: 0
  m_SelectedEditorRenderState: 3
  m_MinimumChartSize: 4
  m_AutoUVMaxDistance: 0.5
  m_AutoUVMaxAngle: 89
  m_LightmapParameters: {fileID: 0}
  m_SortingLayerID: 0
  m_SortingLayer: 0
  m_SortingOrder: 0
--- !u!65 &560195763
BoxCollider:
  m_ObjectHideFlags: 0
  m_CorrespondingSourceObject: {fileID: 65837488404874438, guid: b765f0033afcf97499e39815434229cc,
    type: 2}
  m_PrefabInternal: {fileID: 0}
  m_GameObject: {fileID: 560195760}
  m_Material: {fileID: 0}
  m_IsTrigger: 0
  m_Enabled: 1
  serializedVersion: 2
  m_Size: {x: 1, y: 1, z: 1}
  m_Center: {x: 0, y: 0, z: 0}
--- !u!33 &560195764
MeshFilter:
  m_ObjectHideFlags: 0
  m_CorrespondingSourceObject: {fileID: 33843734988515370, guid: b765f0033afcf97499e39815434229cc,
    type: 2}
  m_PrefabInternal: {fileID: 0}
  m_GameObject: {fileID: 560195760}
  m_Mesh: {fileID: 10202, guid: 0000000000000000e000000000000000, type: 0}
--- !u!1 &742200701
GameObject:
  m_ObjectHideFlags: 0
  m_CorrespondingSourceObject: {fileID: 0}
  m_PrefabInternal: {fileID: 0}
  serializedVersion: 6
  m_Component:
  - component: {fileID: 742200702}
  - component: {fileID: 742200704}
  - component: {fileID: 742200703}
  m_Layer: 0
  m_Name: Cube
  m_TagString: Untagged
  m_Icon: {fileID: 0}
  m_NavMeshLayer: 0
  m_StaticEditorFlags: 0
  m_IsActive: 1
--- !u!4 &742200702
Transform:
  m_ObjectHideFlags: 0
  m_CorrespondingSourceObject: {fileID: 0}
  m_PrefabInternal: {fileID: 0}
  m_GameObject: {fileID: 742200701}
  m_LocalRotation: {x: -0, y: -0, z: -0, w: 1}
  m_LocalPosition: {x: 0, y: -0, z: -0.003}
  m_LocalScale: {x: 0.45097366, y: 0.03937528, z: 0.002}
  m_Children: []
  m_Father: {fileID: 540520829}
  m_RootOrder: 0
  m_LocalEulerAnglesHint: {x: 0, y: 0, z: 0}
--- !u!23 &742200703
MeshRenderer:
  m_ObjectHideFlags: 0
  m_CorrespondingSourceObject: {fileID: 0}
  m_PrefabInternal: {fileID: 0}
  m_GameObject: {fileID: 742200701}
  m_Enabled: 1
  m_CastShadows: 1
  m_ReceiveShadows: 1
  m_DynamicOccludee: 1
  m_MotionVectors: 1
  m_LightProbeUsage: 1
  m_ReflectionProbeUsage: 1
  m_RenderingLayerMask: 4294967295
  m_Materials:
  - {fileID: 2100000, guid: 8eca0b31e096dbb4e9ec168e385043a9, type: 2}
  m_StaticBatchInfo:
    firstSubMesh: 0
    subMeshCount: 0
  m_StaticBatchRoot: {fileID: 0}
  m_ProbeAnchor: {fileID: 0}
  m_LightProbeVolumeOverride: {fileID: 0}
  m_ScaleInLightmap: 1
  m_PreserveUVs: 1
  m_IgnoreNormalsForChartDetection: 0
  m_ImportantGI: 0
  m_StitchLightmapSeams: 0
  m_SelectedEditorRenderState: 3
  m_MinimumChartSize: 4
  m_AutoUVMaxDistance: 0.5
  m_AutoUVMaxAngle: 89
  m_LightmapParameters: {fileID: 0}
  m_SortingLayerID: 0
  m_SortingLayer: 0
  m_SortingOrder: 0
--- !u!33 &742200704
MeshFilter:
  m_ObjectHideFlags: 0
  m_CorrespondingSourceObject: {fileID: 0}
  m_PrefabInternal: {fileID: 0}
  m_GameObject: {fileID: 742200701}
  m_Mesh: {fileID: 10202, guid: 0000000000000000e000000000000000, type: 0}
--- !u!4 &772131110 stripped
Transform:
  m_CorrespondingSourceObject: {fileID: 4493201980653798, guid: df84af96020c94b4695aec5c3427db16,
    type: 2}
  m_PrefabInternal: {fileID: 1927383721}
--- !u!1 &854421642
GameObject:
  m_ObjectHideFlags: 0
  m_CorrespondingSourceObject: {fileID: 0}
  m_PrefabInternal: {fileID: 0}
  serializedVersion: 6
  m_Component:
  - component: {fileID: 854421643}
  m_Layer: 0
  m_Name: Cube UI Buttons
  m_TagString: Untagged
  m_Icon: {fileID: 0}
  m_NavMeshLayer: 0
  m_StaticEditorFlags: 0
  m_IsActive: 1
--- !u!4 &854421643
Transform:
  m_ObjectHideFlags: 0
  m_CorrespondingSourceObject: {fileID: 0}
  m_PrefabInternal: {fileID: 0}
  m_GameObject: {fileID: 854421642}
  m_LocalRotation: {x: 0, y: 0, z: 0, w: 1}
  m_LocalPosition: {x: 0.13, y: 0.04000001, z: -0.009999983}
  m_LocalScale: {x: 1, y: 1, z: 1}
  m_Children:
  - {fileID: 1778231724}
  - {fileID: 1744279426}
  - {fileID: 1422260497}
  - {fileID: 1182079200}
  - {fileID: 243434157}
  - {fileID: 772131110}
  - {fileID: 974055370}
  - {fileID: 150349561}
  - {fileID: 154015859}
  m_Father: {fileID: 336098623}
  m_RootOrder: 1
  m_LocalEulerAnglesHint: {x: 0, y: 0, z: 0}
--- !u!1001 &892020065
Prefab:
  m_ObjectHideFlags: 0
  serializedVersion: 2
  m_Modification:
    m_TransformParent: {fileID: 854421643}
    m_Modifications:
    - target: {fileID: 4493201980653798, guid: df84af96020c94b4695aec5c3427db16, type: 2}
      propertyPath: m_LocalPosition.x
      value: 0
      objectReference: {fileID: 0}
    - target: {fileID: 4493201980653798, guid: df84af96020c94b4695aec5c3427db16, type: 2}
      propertyPath: m_LocalPosition.y
      value: 0.059999984
      objectReference: {fileID: 0}
    - target: {fileID: 4493201980653798, guid: df84af96020c94b4695aec5c3427db16, type: 2}
      propertyPath: m_LocalPosition.z
      value: -0.000000011175871
      objectReference: {fileID: 0}
    - target: {fileID: 4493201980653798, guid: df84af96020c94b4695aec5c3427db16, type: 2}
      propertyPath: m_LocalRotation.x
      value: -0
      objectReference: {fileID: 0}
    - target: {fileID: 4493201980653798, guid: df84af96020c94b4695aec5c3427db16, type: 2}
      propertyPath: m_LocalRotation.y
      value: -0
      objectReference: {fileID: 0}
    - target: {fileID: 4493201980653798, guid: df84af96020c94b4695aec5c3427db16, type: 2}
      propertyPath: m_LocalRotation.z
      value: -0
      objectReference: {fileID: 0}
    - target: {fileID: 4493201980653798, guid: df84af96020c94b4695aec5c3427db16, type: 2}
      propertyPath: m_LocalRotation.w
      value: 1
      objectReference: {fileID: 0}
    - target: {fileID: 4493201980653798, guid: df84af96020c94b4695aec5c3427db16, type: 2}
      propertyPath: m_RootOrder
      value: 1
      objectReference: {fileID: 0}
    - target: {fileID: 1329088948137194, guid: df84af96020c94b4695aec5c3427db16, type: 2}
      propertyPath: m_Name
      value: Cube UI Button (1)
      objectReference: {fileID: 0}
    - target: {fileID: 114193398573130750, guid: df84af96020c94b4695aec5c3427db16,
        type: 2}
      propertyPath: _manager
      value: 
      objectReference: {fileID: 1639364569}
    - target: {fileID: 54104857292544158, guid: df84af96020c94b4695aec5c3427db16,
        type: 2}
      propertyPath: m_Interpolate
      value: 0
      objectReference: {fileID: 0}
    - target: {fileID: 54104857292544158, guid: df84af96020c94b4695aec5c3427db16,
        type: 2}
      propertyPath: m_CollisionDetection
      value: 2
      objectReference: {fileID: 0}
    m_RemovedComponents: []
  m_SourcePrefab: {fileID: 100100000, guid: df84af96020c94b4695aec5c3427db16, type: 2}
  m_IsPrefabAsset: 0
--- !u!1001 &893144660
Prefab:
  m_ObjectHideFlags: 0
  serializedVersion: 2
  m_Modification:
    m_TransformParent: {fileID: 854421643}
    m_Modifications:
    - target: {fileID: 4493201980653798, guid: df84af96020c94b4695aec5c3427db16, type: 2}
      propertyPath: m_LocalPosition.x
      value: 0.07000001
      objectReference: {fileID: 0}
    - target: {fileID: 4493201980653798, guid: df84af96020c94b4695aec5c3427db16, type: 2}
      propertyPath: m_LocalPosition.y
      value: -0.06000002
      objectReference: {fileID: 0}
    - target: {fileID: 4493201980653798, guid: df84af96020c94b4695aec5c3427db16, type: 2}
      propertyPath: m_LocalPosition.z
      value: -0.000000038184226
      objectReference: {fileID: 0}
    - target: {fileID: 4493201980653798, guid: df84af96020c94b4695aec5c3427db16, type: 2}
      propertyPath: m_LocalRotation.x
      value: -0
      objectReference: {fileID: 0}
    - target: {fileID: 4493201980653798, guid: df84af96020c94b4695aec5c3427db16, type: 2}
      propertyPath: m_LocalRotation.y
      value: -0
      objectReference: {fileID: 0}
    - target: {fileID: 4493201980653798, guid: df84af96020c94b4695aec5c3427db16, type: 2}
      propertyPath: m_LocalRotation.z
      value: -0
      objectReference: {fileID: 0}
    - target: {fileID: 4493201980653798, guid: df84af96020c94b4695aec5c3427db16, type: 2}
      propertyPath: m_LocalRotation.w
      value: 1
      objectReference: {fileID: 0}
    - target: {fileID: 4493201980653798, guid: df84af96020c94b4695aec5c3427db16, type: 2}
      propertyPath: m_RootOrder
      value: 6
      objectReference: {fileID: 0}
    - target: {fileID: 1329088948137194, guid: df84af96020c94b4695aec5c3427db16, type: 2}
      propertyPath: m_Name
      value: Cube UI Button (6)
      objectReference: {fileID: 0}
    - target: {fileID: 114193398573130750, guid: df84af96020c94b4695aec5c3427db16,
        type: 2}
      propertyPath: _manager
      value: 
      objectReference: {fileID: 1639364569}
    - target: {fileID: 54104857292544158, guid: df84af96020c94b4695aec5c3427db16,
        type: 2}
      propertyPath: m_Interpolate
      value: 0
      objectReference: {fileID: 0}
    - target: {fileID: 54104857292544158, guid: df84af96020c94b4695aec5c3427db16,
        type: 2}
      propertyPath: m_CollisionDetection
      value: 2
      objectReference: {fileID: 0}
    m_RemovedComponents: []
  m_SourcePrefab: {fileID: 100100000, guid: df84af96020c94b4695aec5c3427db16, type: 2}
  m_IsPrefabAsset: 0
--- !u!1 &966199378
GameObject:
  m_ObjectHideFlags: 0
  m_CorrespondingSourceObject: {fileID: 1492423929302688, guid: b765f0033afcf97499e39815434229cc,
    type: 2}
  m_PrefabInternal: {fileID: 0}
  serializedVersion: 6
  m_Component:
  - component: {fileID: 966199379}
  - component: {fileID: 966199382}
  - component: {fileID: 966199381}
  - component: {fileID: 966199380}
  m_Layer: 0
  m_Name: Button Cube
  m_TagString: Untagged
  m_Icon: {fileID: 0}
  m_NavMeshLayer: 0
  m_StaticEditorFlags: 0
  m_IsActive: 1
--- !u!4 &966199379
Transform:
  m_ObjectHideFlags: 0
  m_CorrespondingSourceObject: {fileID: 4941436115589302, guid: b765f0033afcf97499e39815434229cc,
    type: 2}
  m_PrefabInternal: {fileID: 0}
  m_GameObject: {fileID: 966199378}
  m_LocalRotation: {x: -0, y: -0, z: -0, w: 1}
  m_LocalPosition: {x: 0, y: -0, z: 0.0009}
  m_LocalScale: {x: 0.032584533, y: 0.032584537, z: 0.009123394}
  m_Children:
  - {fileID: 1442525090}
  m_Father: {fileID: 2068528830}
  m_RootOrder: 0
  m_LocalEulerAnglesHint: {x: 0, y: 0, z: 0}
--- !u!23 &966199380
MeshRenderer:
  m_ObjectHideFlags: 0
  m_CorrespondingSourceObject: {fileID: 23160881777734320, guid: b765f0033afcf97499e39815434229cc,
    type: 2}
  m_PrefabInternal: {fileID: 0}
  m_GameObject: {fileID: 966199378}
  m_Enabled: 1
  m_CastShadows: 1
  m_ReceiveShadows: 1
  m_DynamicOccludee: 1
  m_MotionVectors: 1
  m_LightProbeUsage: 1
  m_ReflectionProbeUsage: 1
  m_RenderingLayerMask: 4294967295
  m_Materials:
  - {fileID: 2100000, guid: cb707237b19198f4bbc0381c5c11da15, type: 2}
  m_StaticBatchInfo:
    firstSubMesh: 0
    subMeshCount: 0
  m_StaticBatchRoot: {fileID: 0}
  m_ProbeAnchor: {fileID: 0}
  m_LightProbeVolumeOverride: {fileID: 0}
  m_ScaleInLightmap: 1
  m_PreserveUVs: 1
  m_IgnoreNormalsForChartDetection: 0
  m_ImportantGI: 0
  m_StitchLightmapSeams: 0
  m_SelectedEditorRenderState: 3
  m_MinimumChartSize: 4
  m_AutoUVMaxDistance: 0.5
  m_AutoUVMaxAngle: 89
  m_LightmapParameters: {fileID: 0}
  m_SortingLayerID: 0
  m_SortingLayer: 0
  m_SortingOrder: 0
--- !u!65 &966199381
BoxCollider:
  m_ObjectHideFlags: 0
  m_CorrespondingSourceObject: {fileID: 65230610299866684, guid: b765f0033afcf97499e39815434229cc,
    type: 2}
  m_PrefabInternal: {fileID: 0}
  m_GameObject: {fileID: 966199378}
  m_Material: {fileID: 0}
  m_IsTrigger: 0
  m_Enabled: 1
  serializedVersion: 2
  m_Size: {x: 1, y: 1, z: 1}
  m_Center: {x: 0, y: 0, z: 0}
--- !u!33 &966199382
MeshFilter:
  m_ObjectHideFlags: 0
  m_CorrespondingSourceObject: {fileID: 33764649423046396, guid: b765f0033afcf97499e39815434229cc,
    type: 2}
  m_PrefabInternal: {fileID: 0}
  m_GameObject: {fileID: 966199378}
  m_Mesh: {fileID: 10202, guid: 0000000000000000e000000000000000, type: 0}
--- !u!4 &974055370 stripped
Transform:
  m_CorrespondingSourceObject: {fileID: 4493201980653798, guid: df84af96020c94b4695aec5c3427db16,
    type: 2}
  m_PrefabInternal: {fileID: 893144660}
--- !u!4 &1182079200 stripped
Transform:
  m_CorrespondingSourceObject: {fileID: 4493201980653798, guid: df84af96020c94b4695aec5c3427db16,
    type: 2}
  m_PrefabInternal: {fileID: 477690195}
--- !u!1 &1194196760
GameObject:
  m_ObjectHideFlags: 0
  m_CorrespondingSourceObject: {fileID: 1341051842953364, guid: b765f0033afcf97499e39815434229cc,
    type: 2}
  m_PrefabInternal: {fileID: 0}
  serializedVersion: 6
  m_Component:
  - component: {fileID: 1194196761}
  - component: {fileID: 1194196764}
  - component: {fileID: 1194196763}
  - component: {fileID: 1194196762}
  m_Layer: 0
  m_Name: Cube UI 2D Slider
  m_TagString: Untagged
  m_Icon: {fileID: 0}
  m_NavMeshLayer: 0
  m_StaticEditorFlags: 0
  m_IsActive: 1
--- !u!224 &1194196761
RectTransform:
  m_ObjectHideFlags: 0
  m_CorrespondingSourceObject: {fileID: 0}
  m_PrefabInternal: {fileID: 0}
  m_GameObject: {fileID: 1194196760}
  m_LocalRotation: {x: -0, y: -0, z: -0, w: 1}
  m_LocalPosition: {x: 0, y: 0, z: -0.0046}
  m_LocalScale: {x: 1, y: 1, z: 1}
  m_Children:
  - {fileID: 58688760}
  m_Father: {fileID: 1687445338}
  m_RootOrder: 1
  m_LocalEulerAnglesHint: {x: 0, y: 0, z: 0}
  m_AnchorMin: {x: 0.5, y: 0.5}
  m_AnchorMax: {x: 0.5, y: 0.5}
  m_AnchoredPosition: {x: 0, y: 0}
  m_SizeDelta: {x: 0.035, y: 0.035}
  m_Pivot: {x: 0.5, y: 0.5}
--- !u!114 &1194196762
MonoBehaviour:
  m_ObjectHideFlags: 0
  m_CorrespondingSourceObject: {fileID: 0}
  m_PrefabInternal: {fileID: 0}
  m_GameObject: {fileID: 1194196760}
  m_Enabled: 1
  m_EditorHideFlags: 0
  m_Script: {fileID: 11500000, guid: 4b02e2f8ae628ac4f9faca951fe12db4, type: 3}
  m_Name: 
  m_EditorClassIdentifier: 
  useHover: 0
  usePrimaryHover: 1
  defaultColor: {r: 0.1, g: 0.1, b: 0.1, a: 1}
  suspendedColor: {r: 1, g: 0, b: 0, a: 1}
  hoverColor: {r: 0.7, g: 0.7, b: 0.7, a: 1}
  primaryHoverColor: {r: 0.5, g: 0.5, b: 0.5, a: 1}
  pressedColor: {r: 1, g: 1, b: 1, a: 1}
--- !u!114 &1194196763
MonoBehaviour:
  m_ObjectHideFlags: 0
  m_CorrespondingSourceObject: {fileID: 114549121905405358, guid: b765f0033afcf97499e39815434229cc,
    type: 2}
  m_PrefabInternal: {fileID: 0}
  m_GameObject: {fileID: 1194196760}
  m_Enabled: 1
  m_EditorHideFlags: 0
  m_Script: {fileID: 11500000, guid: 0ebbb41b110e5794ab82d986ca172460, type: 3}
  m_Name: 
  m_EditorClassIdentifier: 
  _manager: {fileID: 1639364569}
  _ignoreHoverMode: 0
  _isIgnoringAllHoverState: 0
  _ignorePrimaryHover: 0
  _ignoreContact: 0
  _ignoreGrasping: 0
  _contactForceMode: 1
  _allowMultiGrasp: 0
  _moveObjectWhenGrasped: 1
  graspedMovementType: 0
  _overrideInteractionLayer: 0
  _interactionLayer:
    layerIndex: 0
  _overrideNoContactLayer: 0
  _noContactLayer:
    layerIndex: 0
  _eventTable:
    _entries: []
  _controlEnabled: 1
  startingPositionMode: 0
  minMaxHeight: {x: 0, y: 0.02}
  restingHeight: 0.5
  _springForce: 0.1
  _OnPress:
    m_PersistentCalls:
      m_Calls: []
    m_TypeName: UnityEngine.Events.UnityEvent, UnityEngine.CoreModule, Version=0.0.0.0,
      Culture=neutral, PublicKeyToken=null
  _OnUnpress:
    m_PersistentCalls:
      m_Calls: []
    m_TypeName: UnityEngine.Events.UnityEvent, UnityEngine.CoreModule, Version=0.0.0.0,
      Culture=neutral, PublicKeyToken=null
  sliderType: 2
  dispatchSlideValueOnStart: 1
  overrideRectLimits: 0
  _parentHasRectTransform: 1
  defaultHorizontalValue: 0.5
  _horizontalValueRange: {x: 0, y: 1}
  horizontalSlideLimits: {x: -0.08882, y: 0.08882}
  horizontalSteps: 0
  _horizontalSlideEvent:
    m_PersistentCalls:
      m_Calls: []
    m_TypeName: Leap.Unity.Interaction.InteractionSlider+FloatEvent, Assembly-CSharp,
      Version=0.0.0.0, Culture=neutral, PublicKeyToken=null
  defaultVerticalValue: 0.5
  _verticalValueRange: {x: 0, y: 1}
  verticalSlideLimits: {x: -0.065655, y: 0.065655}
  verticalSteps: 0
  _verticalSlideEvent:
    m_PersistentCalls:
      m_Calls: []
    m_TypeName: Leap.Unity.Interaction.InteractionSlider+FloatEvent, Assembly-CSharp,
      Version=0.0.0.0, Culture=neutral, PublicKeyToken=null
--- !u!54 &1194196764
Rigidbody:
  m_ObjectHideFlags: 0
  m_CorrespondingSourceObject: {fileID: 54275022097181194, guid: b765f0033afcf97499e39815434229cc,
    type: 2}
  m_PrefabInternal: {fileID: 0}
  m_GameObject: {fileID: 1194196760}
  serializedVersion: 2
  m_Mass: 1
  m_Drag: 0
  m_AngularDrag: 0.05
  m_UseGravity: 0
  m_IsKinematic: 0
  m_Interpolate: 0
  m_Constraints: 112
  m_CollisionDetection: 2
--- !u!1001 &1264667238
Prefab:
  m_ObjectHideFlags: 0
  serializedVersion: 2
  m_Modification:
    m_TransformParent: {fileID: 854421643}
    m_Modifications:
    - target: {fileID: 4493201980653798, guid: df84af96020c94b4695aec5c3427db16, type: 2}
      propertyPath: m_LocalPosition.x
      value: -0.06999999
      objectReference: {fileID: 0}
    - target: {fileID: 4493201980653798, guid: df84af96020c94b4695aec5c3427db16, type: 2}
      propertyPath: m_LocalPosition.y
      value: 0.059999984
      objectReference: {fileID: 0}
    - target: {fileID: 4493201980653798, guid: df84af96020c94b4695aec5c3427db16, type: 2}
      propertyPath: m_LocalPosition.z
      value: -0.000000011175871
      objectReference: {fileID: 0}
    - target: {fileID: 4493201980653798, guid: df84af96020c94b4695aec5c3427db16, type: 2}
      propertyPath: m_LocalRotation.x
      value: -0
      objectReference: {fileID: 0}
    - target: {fileID: 4493201980653798, guid: df84af96020c94b4695aec5c3427db16, type: 2}
      propertyPath: m_LocalRotation.y
      value: -0
      objectReference: {fileID: 0}
    - target: {fileID: 4493201980653798, guid: df84af96020c94b4695aec5c3427db16, type: 2}
      propertyPath: m_LocalRotation.z
      value: -0
      objectReference: {fileID: 0}
    - target: {fileID: 4493201980653798, guid: df84af96020c94b4695aec5c3427db16, type: 2}
      propertyPath: m_LocalRotation.w
      value: 1
      objectReference: {fileID: 0}
    - target: {fileID: 4493201980653798, guid: df84af96020c94b4695aec5c3427db16, type: 2}
      propertyPath: m_RootOrder
      value: 2
      objectReference: {fileID: 0}
    - target: {fileID: 1329088948137194, guid: df84af96020c94b4695aec5c3427db16, type: 2}
      propertyPath: m_Name
      value: Cube UI Button (2)
      objectReference: {fileID: 0}
    - target: {fileID: 114193398573130750, guid: df84af96020c94b4695aec5c3427db16,
        type: 2}
      propertyPath: _manager
      value: 
      objectReference: {fileID: 1639364569}
    - target: {fileID: 54104857292544158, guid: df84af96020c94b4695aec5c3427db16,
        type: 2}
      propertyPath: m_Interpolate
      value: 0
      objectReference: {fileID: 0}
    - target: {fileID: 54104857292544158, guid: df84af96020c94b4695aec5c3427db16,
        type: 2}
      propertyPath: m_CollisionDetection
      value: 2
      objectReference: {fileID: 0}
    m_RemovedComponents: []
  m_SourcePrefab: {fileID: 100100000, guid: df84af96020c94b4695aec5c3427db16, type: 2}
  m_IsPrefabAsset: 0
--- !u!1001 &1330726676
Prefab:
  m_ObjectHideFlags: 0
  serializedVersion: 2
  m_Modification:
    m_TransformParent: {fileID: 854421643}
    m_Modifications:
    - target: {fileID: 4493201980653798, guid: df84af96020c94b4695aec5c3427db16, type: 2}
      propertyPath: m_LocalPosition.x
      value: 0
      objectReference: {fileID: 0}
    - target: {fileID: 4493201980653798, guid: df84af96020c94b4695aec5c3427db16, type: 2}
      propertyPath: m_LocalPosition.y
      value: -0.06000002
      objectReference: {fileID: 0}
    - target: {fileID: 4493201980653798, guid: df84af96020c94b4695aec5c3427db16, type: 2}
      propertyPath: m_LocalPosition.z
      value: -0.000000038184226
      objectReference: {fileID: 0}
    - target: {fileID: 4493201980653798, guid: df84af96020c94b4695aec5c3427db16, type: 2}
      propertyPath: m_LocalRotation.x
      value: -0
      objectReference: {fileID: 0}
    - target: {fileID: 4493201980653798, guid: df84af96020c94b4695aec5c3427db16, type: 2}
      propertyPath: m_LocalRotation.y
      value: -0
      objectReference: {fileID: 0}
    - target: {fileID: 4493201980653798, guid: df84af96020c94b4695aec5c3427db16, type: 2}
      propertyPath: m_LocalRotation.z
      value: -0
      objectReference: {fileID: 0}
    - target: {fileID: 4493201980653798, guid: df84af96020c94b4695aec5c3427db16, type: 2}
      propertyPath: m_LocalRotation.w
      value: 1
      objectReference: {fileID: 0}
    - target: {fileID: 4493201980653798, guid: df84af96020c94b4695aec5c3427db16, type: 2}
      propertyPath: m_RootOrder
      value: 7
      objectReference: {fileID: 0}
    - target: {fileID: 1329088948137194, guid: df84af96020c94b4695aec5c3427db16, type: 2}
      propertyPath: m_Name
      value: Cube UI Button (7)
      objectReference: {fileID: 0}
    - target: {fileID: 114193398573130750, guid: df84af96020c94b4695aec5c3427db16,
        type: 2}
      propertyPath: _manager
      value: 
      objectReference: {fileID: 1639364569}
    - target: {fileID: 54104857292544158, guid: df84af96020c94b4695aec5c3427db16,
        type: 2}
      propertyPath: m_Interpolate
      value: 0
      objectReference: {fileID: 0}
    - target: {fileID: 54104857292544158, guid: df84af96020c94b4695aec5c3427db16,
        type: 2}
      propertyPath: m_CollisionDetection
      value: 2
      objectReference: {fileID: 0}
    m_RemovedComponents: []
  m_SourcePrefab: {fileID: 100100000, guid: df84af96020c94b4695aec5c3427db16, type: 2}
  m_IsPrefabAsset: 0
--- !u!1001 &1340194802
Prefab:
  m_ObjectHideFlags: 0
  serializedVersion: 2
  m_Modification:
    m_TransformParent: {fileID: 854421643}
    m_Modifications:
    - target: {fileID: 4493201980653798, guid: df84af96020c94b4695aec5c3427db16, type: 2}
      propertyPath: m_LocalPosition.x
      value: 0.07000001
      objectReference: {fileID: 0}
    - target: {fileID: 4493201980653798, guid: df84af96020c94b4695aec5c3427db16, type: 2}
      propertyPath: m_LocalPosition.y
      value: 0.059999984
      objectReference: {fileID: 0}
    - target: {fileID: 4493201980653798, guid: df84af96020c94b4695aec5c3427db16, type: 2}
      propertyPath: m_LocalPosition.z
      value: -0.000000011175871
      objectReference: {fileID: 0}
    - target: {fileID: 4493201980653798, guid: df84af96020c94b4695aec5c3427db16, type: 2}
      propertyPath: m_LocalRotation.x
      value: -0
      objectReference: {fileID: 0}
    - target: {fileID: 4493201980653798, guid: df84af96020c94b4695aec5c3427db16, type: 2}
      propertyPath: m_LocalRotation.y
      value: -0
      objectReference: {fileID: 0}
    - target: {fileID: 4493201980653798, guid: df84af96020c94b4695aec5c3427db16, type: 2}
      propertyPath: m_LocalRotation.z
      value: -0
      objectReference: {fileID: 0}
    - target: {fileID: 4493201980653798, guid: df84af96020c94b4695aec5c3427db16, type: 2}
      propertyPath: m_LocalRotation.w
      value: 1
      objectReference: {fileID: 0}
    - target: {fileID: 4493201980653798, guid: df84af96020c94b4695aec5c3427db16, type: 2}
      propertyPath: m_RootOrder
      value: 0
      objectReference: {fileID: 0}
    - target: {fileID: 114193398573130750, guid: df84af96020c94b4695aec5c3427db16,
        type: 2}
      propertyPath: _manager
      value: 
      objectReference: {fileID: 1639364569}
    - target: {fileID: 54104857292544158, guid: df84af96020c94b4695aec5c3427db16,
        type: 2}
      propertyPath: m_Interpolate
      value: 0
      objectReference: {fileID: 0}
    - target: {fileID: 54104857292544158, guid: df84af96020c94b4695aec5c3427db16,
        type: 2}
      propertyPath: m_CollisionDetection
      value: 2
      objectReference: {fileID: 0}
    m_RemovedComponents: []
  m_SourcePrefab: {fileID: 100100000, guid: df84af96020c94b4695aec5c3427db16, type: 2}
  m_IsPrefabAsset: 0
--- !u!4 &1422260497 stripped
Transform:
  m_CorrespondingSourceObject: {fileID: 4493201980653798, guid: df84af96020c94b4695aec5c3427db16,
    type: 2}
  m_PrefabInternal: {fileID: 1264667238}
--- !u!1 &1442525089
GameObject:
  m_ObjectHideFlags: 0
  m_CorrespondingSourceObject: {fileID: 1289182906296320, guid: b765f0033afcf97499e39815434229cc,
    type: 2}
  m_PrefabInternal: {fileID: 0}
  serializedVersion: 6
  m_Component:
  - component: {fileID: 1442525090}
  - component: {fileID: 1442525093}
  - component: {fileID: 1442525092}
  - component: {fileID: 1442525091}
  m_Layer: 0
  m_Name: Cube
  m_TagString: Untagged
  m_Icon: {fileID: 0}
  m_NavMeshLayer: 0
  m_StaticEditorFlags: 0
  m_IsActive: 1
--- !u!4 &1442525090
Transform:
  m_ObjectHideFlags: 0
  m_CorrespondingSourceObject: {fileID: 4430604971778808, guid: b765f0033afcf97499e39815434229cc,
    type: 2}
  m_PrefabInternal: {fileID: 0}
  m_GameObject: {fileID: 1442525089}
  m_LocalRotation: {x: -0, y: -0, z: -0, w: 1}
  m_LocalPosition: {x: 0, y: 0, z: -0.54000133}
  m_LocalScale: {x: 0.8688044, y: 0.85198337, z: 0.085400455}
  m_Children: []
  m_Father: {fileID: 966199379}
  m_RootOrder: 0
  m_LocalEulerAnglesHint: {x: 0, y: 0, z: 0}
--- !u!23 &1442525091
MeshRenderer:
  m_ObjectHideFlags: 0
  m_CorrespondingSourceObject: {fileID: 23239918359452888, guid: b765f0033afcf97499e39815434229cc,
    type: 2}
  m_PrefabInternal: {fileID: 0}
  m_GameObject: {fileID: 1442525089}
  m_Enabled: 1
  m_CastShadows: 1
  m_ReceiveShadows: 1
  m_DynamicOccludee: 1
  m_MotionVectors: 1
  m_LightProbeUsage: 1
  m_ReflectionProbeUsage: 1
  m_RenderingLayerMask: 4294967295
  m_Materials:
  - {fileID: 2100000, guid: ae962c51f2146e4439603b2865982593, type: 2}
  m_StaticBatchInfo:
    firstSubMesh: 0
    subMeshCount: 0
  m_StaticBatchRoot: {fileID: 0}
  m_ProbeAnchor: {fileID: 0}
  m_LightProbeVolumeOverride: {fileID: 0}
  m_ScaleInLightmap: 1
  m_PreserveUVs: 1
  m_IgnoreNormalsForChartDetection: 0
  m_ImportantGI: 0
  m_StitchLightmapSeams: 0
  m_SelectedEditorRenderState: 3
  m_MinimumChartSize: 4
  m_AutoUVMaxDistance: 0.5
  m_AutoUVMaxAngle: 89
  m_LightmapParameters: {fileID: 0}
  m_SortingLayerID: 0
  m_SortingLayer: 0
  m_SortingOrder: 0
--- !u!65 &1442525092
BoxCollider:
  m_ObjectHideFlags: 0
  m_CorrespondingSourceObject: {fileID: 65837488404874438, guid: b765f0033afcf97499e39815434229cc,
    type: 2}
  m_PrefabInternal: {fileID: 0}
  m_GameObject: {fileID: 1442525089}
  m_Material: {fileID: 0}
  m_IsTrigger: 0
  m_Enabled: 1
  serializedVersion: 2
  m_Size: {x: 1, y: 1, z: 1}
  m_Center: {x: 0, y: 0, z: 0}
--- !u!33 &1442525093
MeshFilter:
  m_ObjectHideFlags: 0
  m_CorrespondingSourceObject: {fileID: 33843734988515370, guid: b765f0033afcf97499e39815434229cc,
    type: 2}
  m_PrefabInternal: {fileID: 0}
  m_GameObject: {fileID: 1442525089}
  m_Mesh: {fileID: 10202, guid: 0000000000000000e000000000000000, type: 0}
--- !u!1001 &1507097754
Prefab:
  m_ObjectHideFlags: 0
  serializedVersion: 2
  m_Modification:
    m_TransformParent: {fileID: 854421643}
    m_Modifications:
    - target: {fileID: 4493201980653798, guid: df84af96020c94b4695aec5c3427db16, type: 2}
      propertyPath: m_LocalPosition.x
      value: 0
      objectReference: {fileID: 0}
    - target: {fileID: 4493201980653798, guid: df84af96020c94b4695aec5c3427db16, type: 2}
      propertyPath: m_LocalPosition.y
      value: 0
      objectReference: {fileID: 0}
    - target: {fileID: 4493201980653798, guid: df84af96020c94b4695aec5c3427db16, type: 2}
      propertyPath: m_LocalPosition.z
      value: 0
      objectReference: {fileID: 0}
    - target: {fileID: 4493201980653798, guid: df84af96020c94b4695aec5c3427db16, type: 2}
      propertyPath: m_LocalRotation.x
      value: -0
      objectReference: {fileID: 0}
    - target: {fileID: 4493201980653798, guid: df84af96020c94b4695aec5c3427db16, type: 2}
      propertyPath: m_LocalRotation.y
      value: -0
      objectReference: {fileID: 0}
    - target: {fileID: 4493201980653798, guid: df84af96020c94b4695aec5c3427db16, type: 2}
      propertyPath: m_LocalRotation.z
      value: -0
      objectReference: {fileID: 0}
    - target: {fileID: 4493201980653798, guid: df84af96020c94b4695aec5c3427db16, type: 2}
      propertyPath: m_LocalRotation.w
      value: 1
      objectReference: {fileID: 0}
    - target: {fileID: 4493201980653798, guid: df84af96020c94b4695aec5c3427db16, type: 2}
      propertyPath: m_RootOrder
      value: 4
      objectReference: {fileID: 0}
    - target: {fileID: 1329088948137194, guid: df84af96020c94b4695aec5c3427db16, type: 2}
      propertyPath: m_Name
      value: Cube UI Button (4)
      objectReference: {fileID: 0}
    - target: {fileID: 114193398573130750, guid: df84af96020c94b4695aec5c3427db16,
        type: 2}
      propertyPath: _manager
      value: 
      objectReference: {fileID: 1639364569}
    - target: {fileID: 54104857292544158, guid: df84af96020c94b4695aec5c3427db16,
        type: 2}
      propertyPath: m_Interpolate
      value: 0
      objectReference: {fileID: 0}
    - target: {fileID: 54104857292544158, guid: df84af96020c94b4695aec5c3427db16,
        type: 2}
      propertyPath: m_CollisionDetection
      value: 2
      objectReference: {fileID: 0}
    m_RemovedComponents: []
  m_SourcePrefab: {fileID: 100100000, guid: df84af96020c94b4695aec5c3427db16, type: 2}
  m_IsPrefabAsset: 0
--- !u!1 &1519131344
GameObject:
  m_ObjectHideFlags: 0
  m_CorrespondingSourceObject: {fileID: 0}
  m_PrefabInternal: {fileID: 0}
  serializedVersion: 6
  m_Component:
  - component: {fileID: 1519131345}
  - component: {fileID: 1519131347}
  - component: {fileID: 1519131346}
  m_Layer: 0
  m_Name: Cube
  m_TagString: Untagged
  m_Icon: {fileID: 0}
  m_NavMeshLayer: 0
  m_StaticEditorFlags: 0
  m_IsActive: 1
--- !u!4 &1519131345
Transform:
  m_ObjectHideFlags: 0
  m_CorrespondingSourceObject: {fileID: 0}
  m_PrefabInternal: {fileID: 0}
  m_GameObject: {fileID: 1519131344}
  m_LocalRotation: {x: -0, y: -0, z: -0, w: 1}
  m_LocalPosition: {x: 0, y: 0, z: -0.0032000002}
  m_LocalScale: {x: 0.2193545, y: 0.17167096, z: 0.002}
  m_Children: []
  m_Father: {fileID: 1687445338}
  m_RootOrder: 0
  m_LocalEulerAnglesHint: {x: 0, y: 0, z: 0}
--- !u!23 &1519131346
MeshRenderer:
  m_ObjectHideFlags: 0
  m_CorrespondingSourceObject: {fileID: 0}
  m_PrefabInternal: {fileID: 0}
  m_GameObject: {fileID: 1519131344}
  m_Enabled: 1
  m_CastShadows: 1
  m_ReceiveShadows: 1
  m_DynamicOccludee: 1
  m_MotionVectors: 1
  m_LightProbeUsage: 1
  m_ReflectionProbeUsage: 1
  m_RenderingLayerMask: 4294967295
  m_Materials:
  - {fileID: 2100000, guid: 8eca0b31e096dbb4e9ec168e385043a9, type: 2}
  m_StaticBatchInfo:
    firstSubMesh: 0
    subMeshCount: 0
  m_StaticBatchRoot: {fileID: 0}
  m_ProbeAnchor: {fileID: 0}
  m_LightProbeVolumeOverride: {fileID: 0}
  m_ScaleInLightmap: 1
  m_PreserveUVs: 1
  m_IgnoreNormalsForChartDetection: 0
  m_ImportantGI: 0
  m_StitchLightmapSeams: 0
  m_SelectedEditorRenderState: 3
  m_MinimumChartSize: 4
  m_AutoUVMaxDistance: 0.5
  m_AutoUVMaxAngle: 89
  m_LightmapParameters: {fileID: 0}
  m_SortingLayerID: 0
  m_SortingLayer: 0
  m_SortingOrder: 0
--- !u!33 &1519131347
MeshFilter:
  m_ObjectHideFlags: 0
  m_CorrespondingSourceObject: {fileID: 0}
  m_PrefabInternal: {fileID: 0}
  m_GameObject: {fileID: 1519131344}
  m_Mesh: {fileID: 10202, guid: 0000000000000000e000000000000000, type: 0}
--- !u!1001 &1584315929
Prefab:
  m_ObjectHideFlags: 0
  serializedVersion: 2
  m_Modification:
    m_TransformParent: {fileID: 854421643}
    m_Modifications:
    - target: {fileID: 4493201980653798, guid: df84af96020c94b4695aec5c3427db16, type: 2}
      propertyPath: m_LocalPosition.x
      value: -0.06999999
      objectReference: {fileID: 0}
    - target: {fileID: 4493201980653798, guid: df84af96020c94b4695aec5c3427db16, type: 2}
      propertyPath: m_LocalPosition.y
      value: -0.06000002
      objectReference: {fileID: 0}
    - target: {fileID: 4493201980653798, guid: df84af96020c94b4695aec5c3427db16, type: 2}
      propertyPath: m_LocalPosition.z
      value: -0.000000038184226
      objectReference: {fileID: 0}
    - target: {fileID: 4493201980653798, guid: df84af96020c94b4695aec5c3427db16, type: 2}
      propertyPath: m_LocalRotation.x
      value: -0
      objectReference: {fileID: 0}
    - target: {fileID: 4493201980653798, guid: df84af96020c94b4695aec5c3427db16, type: 2}
      propertyPath: m_LocalRotation.y
      value: -0
      objectReference: {fileID: 0}
    - target: {fileID: 4493201980653798, guid: df84af96020c94b4695aec5c3427db16, type: 2}
      propertyPath: m_LocalRotation.z
      value: -0
      objectReference: {fileID: 0}
    - target: {fileID: 4493201980653798, guid: df84af96020c94b4695aec5c3427db16, type: 2}
      propertyPath: m_LocalRotation.w
      value: 1
      objectReference: {fileID: 0}
    - target: {fileID: 4493201980653798, guid: df84af96020c94b4695aec5c3427db16, type: 2}
      propertyPath: m_RootOrder
      value: 8
      objectReference: {fileID: 0}
    - target: {fileID: 1329088948137194, guid: df84af96020c94b4695aec5c3427db16, type: 2}
      propertyPath: m_Name
      value: Cube UI Button (8)
      objectReference: {fileID: 0}
    - target: {fileID: 114193398573130750, guid: df84af96020c94b4695aec5c3427db16,
        type: 2}
      propertyPath: _manager
      value: 
      objectReference: {fileID: 1639364569}
    - target: {fileID: 54104857292544158, guid: df84af96020c94b4695aec5c3427db16,
        type: 2}
      propertyPath: m_Interpolate
      value: 0
      objectReference: {fileID: 0}
    - target: {fileID: 54104857292544158, guid: df84af96020c94b4695aec5c3427db16,
        type: 2}
      propertyPath: m_CollisionDetection
      value: 2
      objectReference: {fileID: 0}
    m_RemovedComponents: []
  m_SourcePrefab: {fileID: 100100000, guid: df84af96020c94b4695aec5c3427db16, type: 2}
  m_IsPrefabAsset: 0
--- !u!1001 &1593145988
Prefab:
  m_ObjectHideFlags: 0
  serializedVersion: 2
  m_Modification:
    m_TransformParent: {fileID: 0}
    m_Modifications:
    - target: {fileID: 4109004258543696, guid: 15c84c040e046ef4885c302460c625d1, type: 2}
      propertyPath: m_LocalPosition.x
      value: 0
      objectReference: {fileID: 0}
    - target: {fileID: 4109004258543696, guid: 15c84c040e046ef4885c302460c625d1, type: 2}
      propertyPath: m_LocalPosition.y
      value: 1.6
      objectReference: {fileID: 0}
    - target: {fileID: 4109004258543696, guid: 15c84c040e046ef4885c302460c625d1, type: 2}
      propertyPath: m_LocalPosition.z
      value: 0
      objectReference: {fileID: 0}
    - target: {fileID: 4109004258543696, guid: 15c84c040e046ef4885c302460c625d1, type: 2}
      propertyPath: m_LocalRotation.x
      value: -0
      objectReference: {fileID: 0}
    - target: {fileID: 4109004258543696, guid: 15c84c040e046ef4885c302460c625d1, type: 2}
      propertyPath: m_LocalRotation.y
      value: -0
      objectReference: {fileID: 0}
    - target: {fileID: 4109004258543696, guid: 15c84c040e046ef4885c302460c625d1, type: 2}
      propertyPath: m_LocalRotation.z
      value: -0
      objectReference: {fileID: 0}
    - target: {fileID: 4109004258543696, guid: 15c84c040e046ef4885c302460c625d1, type: 2}
      propertyPath: m_LocalRotation.w
      value: 1
      objectReference: {fileID: 0}
    - target: {fileID: 4109004258543696, guid: 15c84c040e046ef4885c302460c625d1, type: 2}
      propertyPath: m_RootOrder
      value: 3
      objectReference: {fileID: 0}
    - target: {fileID: 114978593837544324, guid: 15c84c040e046ef4885c302460c625d1,
        type: 2}
      propertyPath: _leapProvider
      value: 
      objectReference: {fileID: 1929664769}
    m_RemovedComponents: []
  m_SourcePrefab: {fileID: 100100000, guid: 15c84c040e046ef4885c302460c625d1, type: 2}
  m_IsPrefabAsset: 0
--- !u!1 &1639364568
GameObject:
  m_ObjectHideFlags: 0
  m_CorrespondingSourceObject: {fileID: 0}
  m_PrefabInternal: {fileID: 0}
  serializedVersion: 6
  m_Component:
  - component: {fileID: 1639364570}
  - component: {fileID: 1639364569}
  m_Layer: 0
  m_Name: Interaction Manager
  m_TagString: Untagged
  m_Icon: {fileID: 0}
  m_NavMeshLayer: 0
  m_StaticEditorFlags: 0
  m_IsActive: 1
--- !u!114 &1639364569
MonoBehaviour:
  m_ObjectHideFlags: 0
  m_CorrespondingSourceObject: {fileID: 0}
  m_PrefabInternal: {fileID: 0}
  m_GameObject: {fileID: 1639364568}
  m_Enabled: 1
  m_EditorHideFlags: 0
  m_Script: {fileID: 11500000, guid: 0625e574c0d47a241b7dfc7a8c67ca2b, type: 3}
  m_Name: 
  m_EditorClassIdentifier: 
  _interactionControllers:
    _values:
    - {fileID: 235016490}
    - {fileID: 97142309}
  hoverActivationRadius: 0.2
  touchActivationRadius: 0.075
  _autoGenerateLayers: 1
  _templateLayer:
    layerIndex: 0
  _interactionLayer:
    layerIndex: 8
  _interactionNoContactLayer:
    layerIndex: 9
  _contactBoneLayer:
    layerIndex: 10
  _drawControllerRuntimeGizmos: 0
--- !u!4 &1639364570
Transform:
  m_ObjectHideFlags: 0
  m_CorrespondingSourceObject: {fileID: 0}
  m_PrefabInternal: {fileID: 0}
  m_GameObject: {fileID: 1639364568}
  m_LocalRotation: {x: -0, y: -0, z: -0, w: 1}
  m_LocalPosition: {x: 0, y: 1.6, z: 0}
  m_LocalScale: {x: 1, y: 1, z: 1}
  m_Children:
  - {fileID: 235016491}
  - {fileID: 97142310}
  m_Father: {fileID: 0}
  m_RootOrder: 4
  m_LocalEulerAnglesHint: {x: 0, y: 0, z: 0}
--- !u!1 &1687445337
GameObject:
  m_ObjectHideFlags: 0
  m_CorrespondingSourceObject: {fileID: 0}
  m_PrefabInternal: {fileID: 0}
  serializedVersion: 6
  m_Component:
  - component: {fileID: 1687445338}
  m_Layer: 0
  m_Name: Cube UI 2D Slider Panel
  m_TagString: Untagged
  m_Icon: {fileID: 0}
  m_NavMeshLayer: 0
  m_StaticEditorFlags: 0
  m_IsActive: 1
--- !u!224 &1687445338
RectTransform:
  m_ObjectHideFlags: 0
  m_CorrespondingSourceObject: {fileID: 0}
  m_PrefabInternal: {fileID: 0}
  m_GameObject: {fileID: 1687445337}
  m_LocalRotation: {x: 0, y: 0, z: 0, w: 1}
  m_LocalPosition: {x: 0, y: 0, z: -0.0118000135}
  m_LocalScale: {x: 1, y: 1, z: 1}
  m_Children:
  - {fileID: 1519131345}
  - {fileID: 1194196761}
  m_Father: {fileID: 336098623}
  m_RootOrder: 2
  m_LocalEulerAnglesHint: {x: 0, y: 0, z: 0}
  m_AnchorMin: {x: 0.5, y: 0.5}
  m_AnchorMax: {x: 0.5, y: 0.5}
  m_AnchoredPosition: {x: -0.116500005, y: 0.040299993}
  m_SizeDelta: {x: 0.21264, y: 0.16631}
  m_Pivot: {x: 0.5, y: 0.5}
--- !u!4 &1744279426 stripped
Transform:
  m_CorrespondingSourceObject: {fileID: 4493201980653798, guid: df84af96020c94b4695aec5c3427db16,
    type: 2}
  m_PrefabInternal: {fileID: 892020065}
--- !u!1 &1776077979
GameObject:
  m_ObjectHideFlags: 0
  m_CorrespondingSourceObject: {fileID: 0}
  m_PrefabInternal: {fileID: 0}
  serializedVersion: 6
  m_Component:
  - component: {fileID: 1776077985}
  - component: {fileID: 1776077984}
  - component: {fileID: 1776077983}
  - component: {fileID: 1776077981}
  m_Layer: 0
  m_Name: Main Camera
  m_TagString: MainCamera
  m_Icon: {fileID: 0}
  m_NavMeshLayer: 0
  m_StaticEditorFlags: 0
  m_IsActive: 1
--- !u!81 &1776077981
AudioListener:
  m_ObjectHideFlags: 0
  m_CorrespondingSourceObject: {fileID: 0}
  m_PrefabInternal: {fileID: 0}
  m_GameObject: {fileID: 1776077979}
  m_Enabled: 1
--- !u!124 &1776077983
Behaviour:
  m_ObjectHideFlags: 0
  m_CorrespondingSourceObject: {fileID: 0}
  m_PrefabInternal: {fileID: 0}
  m_GameObject: {fileID: 1776077979}
  m_Enabled: 1
--- !u!20 &1776077984
Camera:
  m_ObjectHideFlags: 0
  m_CorrespondingSourceObject: {fileID: 0}
  m_PrefabInternal: {fileID: 0}
  m_GameObject: {fileID: 1776077979}
  m_Enabled: 1
  serializedVersion: 2
  m_ClearFlags: 1
  m_BackGroundColor: {r: 0.19215687, g: 0.3019608, b: 0.4745098, a: 0.019607844}
  m_projectionMatrixMode: 1
  m_SensorSize: {x: 36, y: 24}
  m_LensShift: {x: 0, y: 0}
  m_FocalLength: 50
  m_NormalizedViewPortRect:
    serializedVersion: 2
    x: 0
    y: 0
    width: 1
    height: 1
  near clip plane: 0.1
  far clip plane: 900
  field of view: 60
  orthographic: 0
  orthographic size: 5
  m_Depth: 0
  m_CullingMask:
    serializedVersion: 2
    m_Bits: 4294967295
  m_RenderingPath: -1
  m_TargetTexture: {fileID: 0}
  m_TargetDisplay: 0
  m_TargetEye: 3
  m_HDR: 0
  m_AllowMSAA: 1
  m_AllowDynamicResolution: 0
  m_ForceIntoRT: 0
  m_OcclusionCulling: 1
  m_StereoConvergence: 10
  m_StereoSeparation: 0.022
--- !u!4 &1776077985
Transform:
  m_ObjectHideFlags: 0
  m_CorrespondingSourceObject: {fileID: 0}
  m_PrefabInternal: {fileID: 0}
  m_GameObject: {fileID: 1776077979}
  m_LocalRotation: {x: 0, y: 0, z: 0, w: 1}
  m_LocalPosition: {x: 0, y: 0, z: 0}
  m_LocalScale: {x: 1, y: 1, z: 1}
  m_Children: []
  m_Father: {fileID: 0}
  m_RootOrder: 1
  m_LocalEulerAnglesHint: {x: 0, y: 0, z: 0}
--- !u!4 &1778231724 stripped
Transform:
  m_CorrespondingSourceObject: {fileID: 4493201980653798, guid: df84af96020c94b4695aec5c3427db16,
    type: 2}
  m_PrefabInternal: {fileID: 1340194802}
--- !u!1001 &1927383721
Prefab:
  m_ObjectHideFlags: 0
  serializedVersion: 2
  m_Modification:
    m_TransformParent: {fileID: 854421643}
    m_Modifications:
    - target: {fileID: 4493201980653798, guid: df84af96020c94b4695aec5c3427db16, type: 2}
      propertyPath: m_LocalPosition.x
      value: 0.07000001
      objectReference: {fileID: 0}
    - target: {fileID: 4493201980653798, guid: df84af96020c94b4695aec5c3427db16, type: 2}
      propertyPath: m_LocalPosition.y
      value: 0
      objectReference: {fileID: 0}
    - target: {fileID: 4493201980653798, guid: df84af96020c94b4695aec5c3427db16, type: 2}
      propertyPath: m_LocalPosition.z
      value: 0
      objectReference: {fileID: 0}
    - target: {fileID: 4493201980653798, guid: df84af96020c94b4695aec5c3427db16, type: 2}
      propertyPath: m_LocalRotation.x
      value: -0
      objectReference: {fileID: 0}
    - target: {fileID: 4493201980653798, guid: df84af96020c94b4695aec5c3427db16, type: 2}
      propertyPath: m_LocalRotation.y
      value: -0
      objectReference: {fileID: 0}
    - target: {fileID: 4493201980653798, guid: df84af96020c94b4695aec5c3427db16, type: 2}
      propertyPath: m_LocalRotation.z
      value: -0
      objectReference: {fileID: 0}
    - target: {fileID: 4493201980653798, guid: df84af96020c94b4695aec5c3427db16, type: 2}
      propertyPath: m_LocalRotation.w
      value: 1
      objectReference: {fileID: 0}
    - target: {fileID: 4493201980653798, guid: df84af96020c94b4695aec5c3427db16, type: 2}
      propertyPath: m_RootOrder
      value: 5
      objectReference: {fileID: 0}
    - target: {fileID: 1329088948137194, guid: df84af96020c94b4695aec5c3427db16, type: 2}
      propertyPath: m_Name
      value: Cube UI Button (5)
      objectReference: {fileID: 0}
    - target: {fileID: 114193398573130750, guid: df84af96020c94b4695aec5c3427db16,
        type: 2}
      propertyPath: _manager
      value: 
      objectReference: {fileID: 1639364569}
    - target: {fileID: 54104857292544158, guid: df84af96020c94b4695aec5c3427db16,
        type: 2}
      propertyPath: m_Interpolate
      value: 0
      objectReference: {fileID: 0}
    - target: {fileID: 54104857292544158, guid: df84af96020c94b4695aec5c3427db16,
        type: 2}
      propertyPath: m_CollisionDetection
      value: 2
      objectReference: {fileID: 0}
    m_RemovedComponents: []
  m_SourcePrefab: {fileID: 100100000, guid: df84af96020c94b4695aec5c3427db16, type: 2}
  m_IsPrefabAsset: 0
--- !u!114 &1929664769 stripped
MonoBehaviour:
  m_CorrespondingSourceObject: {fileID: 11435192, guid: b9c7aaf0d314cb847a3b2a20e893f1b6,
    type: 2}
  m_PrefabInternal: {fileID: 320940790}
  m_Script: {fileID: 11500000, guid: 025cc0fa7b46aa541aba29d28d35ac09, type: 3}
--- !u!1 &1966885502
GameObject:
  m_ObjectHideFlags: 0
  m_CorrespondingSourceObject: {fileID: 0}
  m_PrefabInternal: {fileID: 0}
  serializedVersion: 6
  m_Component:
  - component: {fileID: 1966885504}
  - component: {fileID: 1966885503}
  m_Layer: 0
  m_Name: Directional Light
  m_TagString: Untagged
  m_Icon: {fileID: 0}
  m_NavMeshLayer: 0
  m_StaticEditorFlags: 0
  m_IsActive: 1
--- !u!108 &1966885503
Light:
  m_ObjectHideFlags: 0
  m_CorrespondingSourceObject: {fileID: 0}
  m_PrefabInternal: {fileID: 0}
  m_GameObject: {fileID: 1966885502}
  m_Enabled: 1
  serializedVersion: 8
  m_Type: 1
  m_Color: {r: 1, g: 0.95686275, b: 0.8392157, a: 1}
  m_Intensity: 1
  m_Range: 10
  m_SpotAngle: 30
  m_CookieSize: 10
  m_Shadows:
    m_Type: 2
    m_Resolution: -1
    m_CustomResolution: -1
    m_Strength: 1
    m_Bias: 0.05
    m_NormalBias: 0.4
    m_NearPlane: 0.2
  m_Cookie: {fileID: 0}
  m_DrawHalo: 0
  m_Flare: {fileID: 0}
  m_RenderMode: 0
  m_CullingMask:
    serializedVersion: 2
    m_Bits: 4294967295
  m_Lightmapping: 4
  m_LightShadowCasterMode: 0
  m_AreaSize: {x: 1, y: 1}
  m_BounceIntensity: 1
  m_ColorTemperature: 6570
  m_UseColorTemperature: 0
  m_ShadowRadius: 0
  m_ShadowAngle: 0
--- !u!4 &1966885504
Transform:
  m_ObjectHideFlags: 0
  m_CorrespondingSourceObject: {fileID: 0}
  m_PrefabInternal: {fileID: 0}
  m_GameObject: {fileID: 1966885502}
  m_LocalRotation: {x: 0.40821794, y: -0.23456973, z: 0.109381676, w: 0.87542605}
  m_LocalPosition: {x: 0, y: 3, z: 0}
  m_LocalScale: {x: 1, y: 1, z: 1}
  m_Children: []
  m_Father: {fileID: 0}
  m_RootOrder: 0
  m_LocalEulerAnglesHint: {x: 0, y: 0, z: 0}
--- !u!1 &2068528829
GameObject:
  m_ObjectHideFlags: 0
  m_CorrespondingSourceObject: {fileID: 1341051842953364, guid: b765f0033afcf97499e39815434229cc,
    type: 2}
  m_PrefabInternal: {fileID: 0}
  serializedVersion: 6
  m_Component:
  - component: {fileID: 2068528830}
  - component: {fileID: 2068528833}
  - component: {fileID: 2068528832}
  - component: {fileID: 2068528831}
  m_Layer: 0
  m_Name: Cube UI Slider
  m_TagString: Untagged
  m_Icon: {fileID: 0}
  m_NavMeshLayer: 0
  m_StaticEditorFlags: 0
  m_IsActive: 1
--- !u!224 &2068528830
RectTransform:
  m_ObjectHideFlags: 0
  m_CorrespondingSourceObject: {fileID: 0}
  m_PrefabInternal: {fileID: 0}
  m_GameObject: {fileID: 2068528829}
  m_LocalRotation: {x: -0, y: -0, z: -0, w: 1}
  m_LocalPosition: {x: 0, y: 0, z: -0.0046}
  m_LocalScale: {x: 1, y: 1, z: 1}
  m_Children:
  - {fileID: 966199379}
  m_Father: {fileID: 540520829}
  m_RootOrder: 1
  m_LocalEulerAnglesHint: {x: 0, y: 0, z: 0}
  m_AnchorMin: {x: 0.5, y: 0.5}
  m_AnchorMax: {x: 0.5, y: 0.5}
  m_AnchoredPosition: {x: 0, y: -0}
  m_SizeDelta: {x: 0.035, y: 0.035}
  m_Pivot: {x: 0.5, y: 0.5}
--- !u!114 &2068528831
MonoBehaviour:
  m_ObjectHideFlags: 0
  m_CorrespondingSourceObject: {fileID: 0}
  m_PrefabInternal: {fileID: 0}
  m_GameObject: {fileID: 2068528829}
  m_Enabled: 1
  m_EditorHideFlags: 0
  m_Script: {fileID: 11500000, guid: 4b02e2f8ae628ac4f9faca951fe12db4, type: 3}
  m_Name: 
  m_EditorClassIdentifier: 
  useHover: 0
  usePrimaryHover: 1
  defaultColor: {r: 0.1, g: 0.1, b: 0.1, a: 1}
  suspendedColor: {r: 1, g: 0, b: 0, a: 1}
  hoverColor: {r: 0.7, g: 0.7, b: 0.7, a: 1}
  primaryHoverColor: {r: 0.5, g: 0.5, b: 0.5, a: 1}
  pressedColor: {r: 1, g: 1, b: 1, a: 1}
--- !u!114 &2068528832
MonoBehaviour:
  m_ObjectHideFlags: 0
  m_CorrespondingSourceObject: {fileID: 114549121905405358, guid: b765f0033afcf97499e39815434229cc,
    type: 2}
  m_PrefabInternal: {fileID: 0}
  m_GameObject: {fileID: 2068528829}
  m_Enabled: 1
  m_EditorHideFlags: 0
  m_Script: {fileID: 11500000, guid: 0ebbb41b110e5794ab82d986ca172460, type: 3}
  m_Name: 
  m_EditorClassIdentifier: 
  _manager: {fileID: 1639364569}
  _ignoreHoverMode: 0
  _isIgnoringAllHoverState: 0
  _ignorePrimaryHover: 0
  _ignoreContact: 0
  _ignoreGrasping: 0
  _contactForceMode: 1
  _allowMultiGrasp: 0
  _moveObjectWhenGrasped: 1
  graspedMovementType: 0
  _overrideInteractionLayer: 0
  _interactionLayer:
    layerIndex: 0
  _overrideNoContactLayer: 0
  _noContactLayer:
    layerIndex: 0
  _eventTable:
    _entries: []
  _controlEnabled: 1
  startingPositionMode: 0
  minMaxHeight: {x: 0, y: 0.02}
  restingHeight: 0.5
  _springForce: 0.1
  _OnPress:
    m_PersistentCalls:
      m_Calls: []
    m_TypeName: UnityEngine.Events.UnityEvent, UnityEngine.CoreModule, Version=0.0.0.0,
      Culture=neutral, PublicKeyToken=null
  _OnUnpress:
    m_PersistentCalls:
      m_Calls: []
    m_TypeName: UnityEngine.Events.UnityEvent, UnityEngine.CoreModule, Version=0.0.0.0,
      Culture=neutral, PublicKeyToken=null
  sliderType: 1
  dispatchSlideValueOnStart: 1
  overrideRectLimits: 0
  _parentHasRectTransform: 1
  defaultHorizontalValue: 0.5
  _horizontalValueRange: {x: 0, y: 1}
  horizontalSlideLimits: {x: -0.2075, y: 0.2075}
  horizontalSteps: 0
  _horizontalSlideEvent:
    m_PersistentCalls:
      m_Calls: []
    m_TypeName: Leap.Unity.Interaction.InteractionSlider+FloatEvent, Assembly-CSharp,
      Version=0.0.0.0, Culture=neutral, PublicKeyToken=null
  defaultVerticalValue: 0
  _verticalValueRange: {x: 0, y: 1}
  verticalSlideLimits: {x: -0.005000001, y: 0.005000001}
  verticalSteps: 0
  _verticalSlideEvent:
    m_PersistentCalls:
      m_Calls: []
    m_TypeName: Leap.Unity.Interaction.InteractionSlider+FloatEvent, Assembly-CSharp,
      Version=0.0.0.0, Culture=neutral, PublicKeyToken=null
--- !u!54 &2068528833
Rigidbody:
  m_ObjectHideFlags: 0
  m_CorrespondingSourceObject: {fileID: 54275022097181194, guid: b765f0033afcf97499e39815434229cc,
    type: 2}
  m_PrefabInternal: {fileID: 0}
  m_GameObject: {fileID: 2068528829}
  serializedVersion: 2
  m_Mass: 1
  m_Drag: 0
  m_AngularDrag: 0.05
  m_UseGravity: 0
  m_IsKinematic: 0
  m_Interpolate: 0
  m_Constraints: 112
  m_CollisionDetection: 2
